@phdthesis{Birrell:2014ona,
    author = "Birrell, Jeremiah",
    title = "{Non-Equilibrium Aspects of Relic Neutrinos: From Freeze-out to the Present Day}",
    eprint = "1409.4500",
    archivePrefix = "arXiv",
    primaryClass = "nucl-th",
    school = "Arizona U.",
    year = "2014",
    note = "HDL:\href{https://hdl.handle.net/10150/322969}{10150/322969} \href{https://arxiv.org/abs/1409.4500}{arXiv:1409.4500} [nucl-th]"
}

@book{Olver,
title={Asymptotics and Special Functions},
author={Olver, F.W.J.},
isbn={9781568810690},
lccn={97000377},
series={AKP classics},
doi="10.1016/C2013-0-11254-8",
year={1997},
publisher={A.K. Peters}
}

@book{pettini,
title={Geometry and Topology in Hamiltonian Dynamics and Statistical Mechanics},
author={Pettini, M.},
isbn={9780387499574},
lccn={2007928914},
series={Interdisciplinary Applied Mathematics},
doi = "10.1007/978-0-387-49957-4",
year={2007},
publisher={Springer}
}


%Opher
@article{Opher:1974drq,
author = {{Opher}, R.},
title = "{Coherent scattering of cosmic neutrinos}",
journal = { Astron. Astrophys.},
keywords = {Background Radiation, Coherent Scattering, Cosmic Rays, Neutrinos, Scattering Cross Sections, Cosmology, Extraterrestrial Radiation, Particle Energy, Radiation Detectors, Red Shift, Refractivity},
year = 1974,
month = dec,
volume = 37,
pages = {135-137},
adsurl = {http://adsabs.harvard.edu/abs/1974A%26A....37..135O},
adsnote = {Provided by the SAO/NASA Astrophysics Data System}
}

@article{Opher2,
author = {{Opher}, R.},
title = "{Detection of solar and cosmic neutrinos by coherent scattering}",
journal = { Astron. Astrophys.},
keywords = {Coherent Scattering, Cosmic Rays, Neutrinos, Particle Energy, Radiation Detectors, Solar Neutrinos, Electron Scattering, Particle Flux Density, Particle Mass},
year = 1982,
month = apr,
volume = 108,
pages = {1-6},
adsurl = {http://adsabs.harvard.edu/abs/1982A%26A...108....1O},
adsnote = {Provided by the SAO/NASA Astrophysics Data System}
}


%Lewis,
@article{Lewis:1979mu,
    author = "Lewis, R. R.",
    title = "{Coherent Detector for Low-energy Neutrinos}",
    reportNumber = "ITP-SB-79-39",
    doi = "10.1103/PhysRevD.21.663",
    journal = "Phys. Rev. D",
    volume = "21",
    pages = "663",
    year = "1980"
}



#Ringwald:2009,
@article{Ringwald:2009bg,
    author = "Ringwald, Andreas",
    editor = "Tserruya, Itzhak and Gal, Avraham and Ashery, Daniel",
    title = "{Prospects for the direct detection of the cosmic neutrino background}",
    eprint = "0901.1529",
    archivePrefix = "arXiv",
    primaryClass = "astro-ph.CO",
    reportNumber = "DESY-09-001",
    doi = "10.1016/j.nuclphysa.2009.05.109",
    journal = "Nucl. Phys. A",
    volume = "827",
    pages = "501C--506C",
    year = "2009"
}




@article{Heckler:1994tv,
author         = "Heckler, A.F.",
title          = "{Astrophysical applications of quantum corrections to the
                equation of state of a plasma}",
journal        = "Phys.Rev.",
volume         = "D49",
pages          = "611-617",
doi            = "10.1103/PhysRevD.49.611",
year           = "1994",
SLACcitation   = "%%CITATION = PHRVA,D49,611;%%",
}

@article{Dolgov:1992wf,
    author = "Dolgov, A. D. and Kainulainen, K.",
    title = "{Fermi-{D}irac corrections to the relic abundances}",
    eprint = "hep-ph/9211231",
    archivePrefix = "arXiv",
    reportNumber = "TPI-MINN-92-59-T",
    doi = "10.1016/0550-3213(93)90646-7",
    journal = "Nucl. Phys. B",
    volume = "402",
    pages = "349--359",
    year = "1993"
}


%Bernstein:1985,
@article{Bernstein:1985th,
    author = "Bernstein, Jeremy and Brown, Lowell S. and Feinberg, Gerald",
    title = "{The Cosmological Heavy Neutrino Problem Revisited}",
    reportNumber = "CU-TP-316",
    doi = "10.1103/PhysRevD.32.3261",
    journal = "Phys. Rev. D",
    volume = "32",
    pages = "3261",
    year = "1985"
}

@incollection{Zaroubi:2012in,
author         = "Zaroubi, Saleem",
title          = "{The Epoch of Reionization}",
booktitle      = "{The First Galaxies -- Theoretical Predictions and Observational Clues}",
editor         = "{Wiklind, T., Mobasher, B., Bromm, V.}",
publisher      = "{Springer}",
address        = "{Berlin, Heidelberg}",
pages          = "{45--102}",
series         = "{Astrophysics and Space Science Library}",
volume         = "{396}",
doi            = "{10.1007/978-3-642-32362-1_2}",
year           = "2013",
eprint         = "arXiv:1206.0267",
archivePrefix  = "arXiv",
primaryClass   = "astro-ph.CO" 
}

%misner1973gravitation
@book{Misner:1973prb,
title={Gravitation},
author = "Misner, Charles W. and Thorne, K. S. and Wheeler, J. A.",
isbn = "978-0-7167-0344-0, 978-0-691-17779-3",
year={1973},
    address = "San Francisco",
publisher={W. H. Freeman}
}

%PhysRevLett.48.1066  DUPLICATE FOR SURE
@article{Rafelski:1982pu,
    author = "Rafelski, Johann and Muller, Berndt",
    title = "{Strangeness Production in the Quark - Gluon Plasma}",
    reportNumber = "Print-82-0048 (FRANKFURT)",
    doi = "10.1103/PhysRevLett.48.1066",
    journal = "Phys. Rev. Lett.",
    volume = "48",
    pages = "1066",
    year = "1982",
    note = "[Erratum: Phys.Rev.Lett. 56, 2334 (1986)]"
}

%hobson
@book{Hobson:2006se,
author = "Hobson, M. P. and Efstathiou, G. P. and Lasenby, A. N.",
title = "{General relativity: An introduction for physicists}",
PUBLISHER = "Cambridge University Press",
ADDRESS = "Cambridge",
YEAR = "2006",
PAGES = "193",
ISBN = "0521829518"
}

@Book{cercignani,
AUTHOR = "C. Cercignani and G. Kremer",
TITLE = "The Relativistic Boltzmann Equation: Theory and Applications",	
PUBLISHER = "Birkh√§user Verlag",
ADDRESS = "Basel",
YEAR = "2000"
}
%bruhat
@Book{Choquet-Bruhat:2009xil,
author = "Choquet-Bruhat, Yvonne",
TITLE = "General Relativity and the Einstein Equations",	
PUBLISHER = "Oxford University Press",
ADDRESS = "Oxford, United Kingdom",
YEAR = "2009",
series = "Oxford Mathematical Monographs",
    isbn = "978-0-19-923072-3"
}

@incollection {ehlers,
AUTHOR = {J. Ehlers},
TITLE = {Survey of General Relativity Theory},
BOOKTITLE = {Relativity, Astrophysics and Cosmology},
PAGES = {1--125},
PUBLISHER = {D. Reidel Publishing Company},
ADDRESS = {Dordrecht-Holland},
YEAR = {1973}
}

%andre,
@article{Andreasson:2011ng,
    author = "Andreasson, Hakan",
    title = "{The Einstein-Vlasov System/Kinetic Theory}",
    eprint = "1106.1367",
    archivePrefix = "arXiv",
    primaryClass = "gr-qc",
    doi = "10.12942/lrr-2011-4",
    journal = "Living Rev. Rel.",
    volume = "14",
    pages = "4",
    year = "2011"
}




%inga
@phdthesis{Kuznetsova:2009xh,
    author = "Kuznetsova, Inga",
    title = "{Particle Production in Matter at Extreme Conditions}",
    eprint = "0909.0524",
    archivePrefix = "arXiv",
    primaryClass = "hep-th",
    type = "thesis",
    month = "9",
    year = "2009",
school ="The University of Arizona"
}


@book{lee2003introduction,
title={Introduction to Smooth Manifolds},
author={Lee, J.M.},
isbn={9780387954486},
lccn={2002070454},
series={Graduate Texts in Mathematics},
doi="10.1007/978-1-4419-9982-5",
year={2003},
publisher={Springer}
}


@book{lee1997riemannian,
title={Riemannian Manifolds: An Introduction to Curvature},
author={Lee, J.M.},
isbn={9780387982717},
lccn={97014537},
series={Graduate Texts in Mathematics},
doi="10.1007/b98852",
year={1997},
publisher={Springer}
}


@article{tsamparlis,
author = {Tsamparlis, M.},
title = {Induced volume forms with applications in relativistic kinetic theory},
journal = {General Relativity and Gravitation},
publisher = {Springer Netherlands},
issn = {0001-7701},
keyword = {Physics and Astronomy},
pages = {831-851},
volume = {17},
issue = {9},
doi = {10.1007/BF00773681},
year = {1985}
}

@article{Iocco:2008va,
author         = "Iocco, Fabio and Mangano, Gianpiero and Miele, Gennaro
                and Pisanti, Ofelia and Serpico, Pasquale D.",
title          = "{Primordial Nucleosynthesis: from precision cosmology to
                fundamental physics}",
journal        = "Phys.Rept.",
volume         = "472",
pages          = "1-76",
doi            = "10.1016/j.physrep.2009.02.002",
year           = "2009",
eprint         = "0809.0631",
archivePrefix  = "arXiv",
primaryClass   = "astro-ph",
reportNumber   = "DSF-20-2008, FERMILAB-PUB-08-216-A, IFIC-08-37",
SLACcitation   = "%%CITATION = ARXIV:0809.0631;%%",
}

%hartle2003gravity
@book{Hartle:2003yu,
title={Gravity: an introduction to Einstein's general relativity},
author={Hartle, J.B.},
isbn={9780805386622},
lccn={2002151118},
year={2003},
publisher={Addison-Wesley}
}

%THIS IS GROSSLY OBSOLETE eliminate
% others refer to 
% ParticleDataGroup:2022pth
@article{Obsolete-pdg,
volume = {37},
journal = {J. Phys. G},
author = {K. Nakamura et al. (Particle Data Group)},
year = {2010},
title = {The Review of Particle Physics},
issue = {37},
}
%More OBSOLETE
@article{Obsolete-Beringer:1900zz,
author         = "Beringer, J. and others",
title          = "{Review of Particle Physics (RPP)}",
collaboration  = "Particle Data Group",
journal        = "Phys.Rev.",
volume         = "D86",
pages          = "010001",
doi            = "10.1103/PhysRevD.86.010001",
year           = "2012",
SLACcitation   = "%%CITATION = PHRVA,D86,010001;%%",
}

@article{Uzan:2010pm,
author         = "Uzan, Jean-Philippe",
title          = "{Varying Constants, Gravitation and Cosmology}",
journal        = "Living Rev.Rel.",
volume         = "14",
pages          = "2",
year           = "2011",
eprint         = "1009.5514",
doi = "10.12942/lrr-2011-2",
archivePrefix  = "arXiv",
primaryClass   = "astro-ph.CO",
SLACcitation   = "%%CITATION = ARXIV:1009.5514;%%",
}




@article{Weinberg:2013kea,
author         = "Weinberg, Steven",
title          = "{Goldstone Bosons as Fractional Cosmic Neutrinos}",
journal        = "Phys.Rev.Lett.",
number         = "24",
volume         = "110",
pages          = "241301",
doi            = "10.1103/PhysRevLett.110.241301",
year           = "2013",
eprint         = "1305.1971",
archivePrefix  = "arXiv",
primaryClass   = "astro-ph.CO",
reportNumber   = "UTTG-09-13, TCC-0006-13",
SLACcitation   = "%%CITATION = ARXIV:1305.1971;%%",
}

@book{chavel1995riemannian,
title={Riemannian Geometry: A Modern Introduction},
author={Chavel, I.},
isbn={9781139452571},
series={Cambridge tracts in mathematics},
year={1995},
doi="10.1017/CBO9780511616822",
publisher={Cambridge University Press}
}



%Madsen,
@article{Hannestad:1995rs,
    author = "Hannestad, Steen and Madsen, Jes",
    title = "{Neutrino decoupling in the early universe}",
    eprint = "astro-ph/9506015",
    archivePrefix = "arXiv",
    reportNumber = "TAC-1995-006, IFA-95-14, AARHUS-ASTRO-1995-08",
    doi = "10.1103/PhysRevD.52.1764",
    journal = "Phys. Rev. D",
    volume = "52",
    pages = "1764--1769",
    year = "1995"
}


%Gnedin,
@article{Gnedin:1997vn,
    author = "Gnedin, Nickolay Y. and Gnedin, Oleg Y.",
    title = "{Cosmological neutrino background revisited}",
    eprint = "astro-ph/9712199",
    archivePrefix = "arXiv",
    reportNumber = "POP-740",
    doi = "10.1086/306469",
    journal = "Astrophys. J.",
    volume = "509",
    pages = "11--15",
    year = "1998"
}


%Dolgov_Hansen,
@article{Dolgov:1997mb,
    author = "Dolgov, A. D. and Hansen, S. H. and Semikoz, D. V.",
    title = "{Nonequilibrium corrections to the spectra of massless neutrinos in the early universe}",
    eprint = "hep-ph/9703315",
    archivePrefix = "arXiv",
    reportNumber = "TAC-1997-010",
    doi = "10.1016/S0550-3213(97)00479-3",
    journal = "Nucl. Phys. B",
    volume = "503",
    pages = "426--444",
    year = "1997"
}
@article{Dolgov:1998sf,
    author = "Dolgov, A. D. and Hansen, S. H. and Semikoz, D. V.",
    title = "{Nonequilibrium corrections to the spectra of massless neutrinos in the early universe: Addendum}",
    eprint = "hep-ph/9805467",
    archivePrefix = "arXiv",
    doi = "10.1016/S0550-3213(98)00818-9",
    journal = "Nucl. Phys. B",
    volume = "543",
    pages = "269--274",
    year = "1999"
}



@article{Esposito:2000hi,
    author = "Esposito, S. and Miele, G. and Pastor, S. and Peloso, M. and Pisanti, O.",
    title = "{Nonequilibrium spectra of degenerate relic neutrinos}",
    eprint = "astro-ph/0005573",
    archivePrefix = "arXiv",
    reportNumber = "SISSA-51-2000-EP, DSF-16-00",
    doi = "10.1016/S0550-3213(00)00554-X",
    journal = "Nucl. Phys. B",
    volume = "590",
    pages = "539--561",
    year = "2000"
}



@article{Borsanyi:2013bia,
author         = "Borsanyi, Szabocls and Fodor, Zoltan and Hoelbling,
                Christian and Katz, Sandor D. and Krieg, Stefan and
                others",
title          = "{Full result for the QCD equation of state with 2+1
                flavors}",
journal        = "Phys.Lett.",
volume         = "B730",
pages          = "99-104",
doi            = "10.1016/j.physletb.2014.01.007",
year           = "2014",
eprint         = "1309.5258",
archivePrefix  = "arXiv",
primaryClass   = "hep-lat",
SLACcitation   = "%%CITATION = ARXIV:1309.5258;%%",
}

@conference{Hagmann:1999kf,
author         = "Hagmann, C.",
title          = "{Cosmic neutrinos and their detection}",
year           = "1999",
archivePrefix  = "arXiv",
doi = "10.48550/arXiv.astro-ph/9905258",
eprint         = "astro-ph/9905258",
booktitle = "{Proceeding of American Physical Society (APS) Meeting of the Division of Particles and Fields (DPF 99)}: {Los Angeles, CA, January 5-9, 1999}",   
}

@article{Wilkening,
author = "Wilkening, J. and Cerfon, A. and Landreman, M.",
title = "Projected dynamics of kinetic equations with energy diffusion in spaces of orthogonal polynomials",
journal = "Journal of Computational Physics",
volume="294",
pages = "58--77",
archivePrefix = "arXiv",
eprint = {1402.2971},
primaryClass = "math.NA",
keywords = {Mathematics - Numerical Analysis, 42C10, 34L16, 35Q84},
year = 2015, 
doi = "10.1016/j.jcp.2015.03.039"
}

@article{Wilkening2,
author = {{Wilkening}, J. and {Cerfon}, A.},
title = "{A Spectral Transform Method for Singular Sturm--Liouville Problems with Applications to Energy Diffusion in Plasma Physics}",
journal = {SIAM Journal on Applied Mathematics},
pages="350-392",
volyume="75",
archivePrefix = "arXiv",
eprint = {1310.5074},
primaryClass = "math.CA",
keywords = {Mathematics - Classical Analysis and ODEs, Mathematics - Spectral Theory, 34B24, 34L16, 35Q84},
year = "2013", 
doi="10.1137/130941948",
}

@article{Petran:2013dva,
    author = "Petran, M. and Letessier, J. and Rafelski, J. and Torrieri, G.",
    title = "{SHARE with CHARM}",
    eprint = "1310.5108",
    archivePrefix = "arXiv",
    primaryClass = "hep-ph",
    doi = "10.1016/j.cpc.2014.02.026",
    journal = "Comput. Phys. Commun.",
    volume = "185",
    pages = "2056--2079",
    year = "2014"
}


@article{Kuznetsova:2010pi,
author         = "Kuznetsova, Inga and Rafelski, Johann",
title          = "{Unstable Hadrons in Hot Hadron Gas in Laboratory and in
                the Early Universe}",
journal        = "Phys.Rev.",
volume         = "C82",
pages          = "035203",
doi            = "10.1103/PhysRevC.82.035203",
year           = "2010",
eprint         = "1002.0375",
archivePrefix  = "arXiv",
primaryClass   = "hep-th",
SLACcitation   = "%%CITATION = ARXIV:1002.0375;%%",
}

@article{Petran:2013lja,
author         = "Petran, Michal and Letessier, Jean and Petracek, Vojtech
                and Rafelski, Johann",
title          = "{Hadron production and QGP Hadronization in Pb--Pb
                collisions at $\sqrt{s_{NN}}=2.76$ TeV}",
journal        = "Phys.Rev.",
volume         = "C88",
pages          = "034907",
doi            = "10.1103/PhysRevC.88.034907",
year           = "2013",
eprint         = "1303.2098",
archivePrefix  = "arXiv",
primaryClass   = "hep-ph",
reportNumber   = "CERN-PH-TH-2012-262",
SLACcitation   = "%%CITATION = ARXIV:1303.2098;%%",
}


@article{Rafelski:1991rh,
author         = "Rafelski, Johann",
title          = "{Strange anti-baryons from quark - gluon plasma}",
journal        = "Phys.Lett.",
volume         = "B262",
pages          = "333-340",
doi            = "10.1016/0370-2693(91)91576-H",
year           = "1991",
reportNumber   = "AZPH-TH-91-11",
SLACcitation   = "%%CITATION = PHLTA,B262,333;%%",
}

@article{Muller:2011tu,
author         = "Muller, Berndt",
title          = "{Strangeness and the Quark-Gluon Plasma: Thirty Years of
                Discovery}",
journal        = "Acta Phys.Polon.",
volume         = "B43",
pages          = "761",
doi            = "10.5506/APhysPolB.43.761",
year           = "2012",
eprint         = "1112.5382",
archivePrefix  = "arXiv",
primaryClass   = "nucl-th",
SLACcitation   = "%%CITATION = ARXIV:1112.5382;%%",
}

%Stodolsky:1975,
@article{Stodolsky:1974aq,
    author = "Stodolsky, Leo",
    title = "{Speculations on Detection of the Neutrino Sea}",
    reportNumber = "MPI-PAE/PTh 15",
    doi = "10.1103/PhysRevLett.34.110",
    journal = "Phys. Rev. Lett.",
    volume = "34",
    pages = "110",
    year = "1975",
    note = "[Erratum: Phys.Rev.Lett. 34, 508 (1975)]"
}


%Smith,
@article{Smith:1983jj,
    author = "Smith, P. F. and Lewin, J. D.",
    title = "{Coherent interaction of galactic neutrinos with material targets}",
    doi = "10.1016/0370-2693(83)90873-0",
    journal = "Phys. Lett. B",
    volume = "127",
    pages = "185--190",
    year = "1983"
}




%Cabibbo:1982,
@article{Cabibbo:1982bb,
    author = "Cabibbo, N. and Maiani, L.",
    title = "{The Vanishing of Order $G$ Mechanical Effects of Cosmic Massive Neutrinos on Bulk Matter}",
    reportNumber = "Print-82-0419 (ROME)",
    doi = "10.1016/0370-2693(82)90127-7",
    journal = "Phys. Lett. B",
    volume = "114",
    pages = "115--117",
    year = "1982"
}

@article{Shvartsman,
author         = "Shvartsman, B.F. and Braginsky, V.B. and Gershtein, S.S.
                and Zeldovich, Ya.B. and Khlopov, M. Yu. and others",
title          = "{Possibility of detecting relic massive neutrinos}",
journal        = "JETP Lett.",
volume         = "36",
pages          = "277-279",
year           = "1982",
SLACcitation   = "%%CITATION = JTPLA,36,277;%%",
}

#Langacker:1982,
@article{Langacker:1982ih,
    author = "Langacker, Paul and Leveille, Jacques P. and Sheiman, Jon",
    title = "{On the Detection of Cosmological Neutrinos by Coherent Scattering}",
    reportNumber = "UM HE 82-28",
    doi = "10.1103/PhysRevD.27.1228",
    journal = "Phys. Rev. D",
    volume = "27",
    pages = "1228",
    year = "1983"
}


%Gelmini,
@article{Gelmini:2004hg,
    author = "Gelmini, Graciela B.",
    editor = {Bergstr\"om, L. and Botner, O. and Carlson, P. and Hulth, P. O. and Ohlsson, T.},
    title = "{Prospect for relic neutrino searches}",
    eprint = "hep-ph/0412305",
    archivePrefix = "arXiv",
    reportNumber = "UCLA-04-TEP-53",
    doi = "10.1088/0031-8949/2005/T121/019",
    journal = "Phys. Scripta T",
    volume = "121",
    pages = "131--136",
    year = "2005"
}

@article{Ferreras:1995wf,
author         = "Ferreras, I. and Wasserman, I.",
title          = "{Feasibility of observing mechanical effects of
                cosmological neutrinos}",
journal        = "Phys.Rev.",
volume         = "D52",
pages          = "5459-5479",
doi            = "10.1103/PhysRevD.52.5459",
year           = "1995",
SLACcitation   = "%%CITATION = PHRVA,D52,5459;%%",
}

%PTOLEMY,
@inproceedings{Betts:2013uya,
    author = "Betts, S. and others",
    title = "{Development of a Relic Neutrino Detection Experiment at PTOLEMY: Princeton Tritium Observatory for Light, Early-Universe, Massive-Neutrino Yield}",
    booktitle = "{Snowmass 2013}: {Snowmass on the Mississippi}",
    eprint = "1307.4738",
    doi = "10.48550/arXiv.1307.4738",
    archivePrefix = "arXiv",
    primaryClass = "astro-ph.IM",
    month = "7",
    year = "2013"
}




%Hedman,
@article{Hedman:2013hha,
    author = "Hedman, M. M.",
    title = "{Efficiently extracting energy  from cosmological neutrinos}",
    eprint = "1307.0652",
    archivePrefix = "arXiv",
    primaryClass = "astro-ph.CO",
    doi = "10.1088/1475-7516/2013/09/029",
    journal = "JCAP",
    volume = "09",
    pages = "029",
    year = "2013"
}



@article{Duda:2001hd,
author         = "Duda, Gintaras and Gelmini, Graciela and Nussinov,
                Shmuel",
title          = "{Expected signals in relic neutrino detectors}",
journal        = "Phys.Rev.",
volume         = "D64",
pages          = "122001",
doi            = "10.1103/PhysRevD.64.122001",
year           = "2001",
eprint         = "hep-ph/0107027",
archivePrefix  = "arXiv",
primaryClass   = "hep-ph",
reportNumber   = "UCLA-01-TEP-6",
SLACcitation   = "%%CITATION = HEP-PH/0107027;%%",
}

%Liao:2012,
@article{Liao:2012wb,
    author = "Liao, Wei",
    title = "{Interaction of cosmic background neutrinos with matter of periodic structure}",
    eprint = "1207.6847",
    archivePrefix = "arXiv",
    primaryClass = "hep-ph",
    doi = "10.1103/PhysRevD.86.073011",
    journal = "Phys. Rev. D",
    volume = "86",
    pages = "073011",
    year = "2012"
}


%Wong,
@article{Wong:2011ip,
    author = "Wong, Yvonne Y. Y.",
    title = "{Neutrino mass in cosmology: status and prospects}",
    eprint = "1111.1436",
    archivePrefix = "arXiv",
    primaryClass = "astro-ph.CO",
    reportNumber = "TTK-11-56",
    doi = "10.1146/annurev-nucl-102010-130252",
    journal = "Ann. Rev. Nucl. Part. Sci.",
    volume = "61",
    pages = "69--98",
    year = "2011"
}

@article{Battye:2013xqa,
author         = "Battye, Richard A. and Moss, Adam",
title          = "{Evidence for massive neutrinos from CMB and lensing
                observations}",
journal        = "Phys.Rev.Lett.",
volume         = "112",
pages          = "051303",
doi            = "10.1103/PhysRevLett.112.051303",
year           = "2014",
eprint         = "arXiv:1308.5870",
archivePrefix  = "arXiv",
primaryClass   = "astro-ph.CO",
SLACcitation   = "%%CITATION = ARXIV:1308.5870;%%",
}

%Aseev,
@article{Troitsk:2011cvm,
    author = "Aseev, V. N. and others",
    collaboration = "Troitsk",
    title = "{An upper limit on electron antineutrino mass from Troitsk experiment}",
    eprint = "1108.5034",
    archivePrefix = "arXiv",
    primaryClass = "hep-ex",
    doi = "10.1103/PhysRevD.84.112003",
    journal = "Phys. Rev. D",
    volume = "84",
    pages = "112003",
    year = "2011"
}

%CUDO,
@article{Rafelski:2011bby,
    author = "Rafelski, Johann and Labun, Lance and Birrell, Jeremiah",
    title = "{Compact Ultradense Matter Impactors}",
    eprint = "1104.4572",
    archivePrefix = "arXiv",
    primaryClass = "astro-ph.EP",
    doi = "10.1103/PhysRevLett.110.111102",
    journal = "Phys. Rev. Lett.",
    volume = "110",
    number = "11",
    pages = "111102",
    year = "2013"
}


@article{Divari:2012zz,
author         = "Divari, P.C.",
title          = "{Coherent and incoherent neutral current scattering for
                supernova detection}",
journal        = "Adv.High Energy Phys.",
volume         = "2012",
pages          = "379460",
doi            = "10.1155/2012/379460",
year           = "2012",
SLACcitation   = "%%CITATION = 00642,2012,379460;%%",
}


@article{Biercuk,
author         = "Biercuk, M.~J. and Uys, H. and Britton, J.~W. and Vandevender, A.~P. and 
Bollinger, J.~J.",
title          = "{Ultrasensitive detection of force and displacement using trapped ions}",
journal        = "Nature Nanotechnology",
volume         = "5",
pages          = "646-650",
doi            = "10.1038/nnano.2010.165",
year           = "2010",

}

%Safdi,
@article{Safdi:2014rza,
    author = "Safdi, Benjamin R. and Lisanti, Mariangela and Spitz, Joshua and Formaggio, Joseph A.",
    title = "{Annual Modulation of Cosmic Relic Neutrinos}",
    eprint = "1404.0680",
    archivePrefix = "arXiv",
    primaryClass = "astro-ph.CO",
    doi = "10.1103/PhysRevD.90.043001",
    journal = "Phys. Rev. D",
    volume = "90",
    number = "4",
    pages = "043001",
    year = "2014"
}

@article{Lee:2013wza,
author         = "Lee, Samuel K. and Lisanti, Mariangela and Peter, Annika
                H. G. and Safdi, Benjamin R.",
title          = "{Effect of Gravitational Focusing on Annual Modulation in
                Dark-Matter Direct-Detection Experiments}",
journal        = "Phys.Rev.Lett.",
volume         = "112",
pages          = "011301",
doi            = "10.1103/PhysRevLett.112.011301",
year           = "2014",
eprint         = "1308.1953",
archivePrefix  = "arXiv",
primaryClass   = "astro-ph.CO",
SLACcitation   = "%%CITATION = ARXIV:1308.1953;%%",
}

@article{Freese:2012xd,
author         = "Freese, Katherine and Lisanti, Mariangela and Savage,
                Christopher",
title          = "{Annual Modulation of Dark Matter: A Review}",
journal        = "Rev.Mod.Phys.",
volume         = "85",
pages          = "1561-1581",
doi            = "10.1103/RevModPhys.85.1561",
year           = "2013",
eprint         = "1209.3339",
archivePrefix  = "arXiv",
primaryClass   = "astro-ph.CO",
SLACcitation   = "%%CITATION = ARXIV:1209.3339;%%",
}

@article{Birrell:2014uka,
author = "Birrell, Jeremiah and Yang, Cheng-Tao and Rafelski, Johann",
title = "{Relic Neutrino Freeze-out: Dependence on Natural Constants}",
eprint = "1406.1759",
archivePrefix = "arXiv",
primaryClass = "nucl-th",
doi = "10.1016/j.nuclphysb.2014.11.020",
journal = "Nucl. Phys. B",
volume = "890",
pages = "481--517",
year = "2014"
}


@techreport{Abazajian:2012ys,
author         = "Abazajian, K.N. and Acero, M.A. and Agarwalla, S.K. and
                Aguilar-Arevalo, A.A. and Albright, C.H. and others",
title          = "{Light Sterile Neutrinos: A White Paper}",
year           = "2012",
eprint         = "arXiv:1204.5379",
archivePrefix  = "arXiv",
primaryClass   = "hep-ph",
reportNumber   = "FERMILAB-PUB-12-881-PPD",
institution = "Fermilab",
SLACcitation   = "%%CITATION = ARXIV:1204.5379;%%",
}

@article{Ringwald:2004np,
author         = "Ringwald, Andreas and Wong, Yvonne Y.Y.",
title          = "{Gravitational clustering of relic neutrinos and
                implications for their detection}",
journal        = "JCAP",
volume         = "0412",
pages          = "005",
doi            = "10.1088/1475-7516/2004/12/005",
year           = "2004",
eprint         = "hep-ph/0408241",
archivePrefix  = "arXiv",
primaryClass   = "hep-ph",
reportNumber   = "DESY-04-147",
SLACcitation   = "%%CITATION = HEP-PH/0408241;%%",
}


%wald2010general,
@book{Wald:1984rg,
    author = "Wald, Robert M.",
    title = "{General Relativity}",
    doi = "10.7208/chicago/9780226870373.001.0001",
    publisher = "Chicago Univ. Pr.",
    address = "Chicago, USA",
    year = "1984"
}


@book{o1983semi,
  title={Semi-Riemannian Geometry With Applications to Relativity},
  author={O'Neill, B.},
  isbn={9780080570570},
  series={ISSN},
  url={https://books.google.com/books?id=CGk1eRSjFIIC},
  year={1983},
  publisher={Elsevier Science}
}

@article{Birrell:2014qna,
    author = "Birrell, Jeremiah and Rafelski, Johann",
    title = "{Proposal for Resonant Detection of Relic Massive Neutrinos}",
    eprint = "1402.3409",
    archivePrefix = "arXiv",
    primaryClass = "hep-ph",
    doi = "10.1140/epjc/s10052-015-3310-3",
    journal = "Eur. Phys. J. C",
    volume = "75",
    number = "2",
    pages = "91",
    year = "2015"
}


@article{Evans:2019zyk,
     author = "Evans, Stefan and Rafelski, Johann",
     title = "{Electron electromagnetic-mass melting in strong fields}",
     eprint = "1911.08714",
     archivePrefix = "arXiv",
     primaryClass = "hep-ph",
     doi = "10.1103/PhysRevD.102.036014",
     journal = "Phys. Rev. D",
     volume = "102",
     number = "3",
     pages = "036014",
     year = "2020"
}

@article{Steigman:2013yua,
    author = "Steigman, Gary",
    title = "{Equivalent Neutrinos, Light WIMPs, and the Chimera of Dark Radiation}",
    eprint = "1303.0049",
    archivePrefix = "arXiv",
    primaryClass = "astro-ph.CO",
    doi = "10.1103/PhysRevD.87.103517",
    journal = "Phys. Rev. D",
    volume = "87",
    number = "10",
    pages = "103517",
    year = "2013"
}

@article{Anchordoqui:2011nh,
    author = "Anchordoqui, Luis Alfredo and Goldberg, Haim",
    title = "{Neutrino cosmology after WMAP 7-Year data and LHC first Z' bounds}",
    eprint = "1111.7264",
    archivePrefix = "arXiv",
    primaryClass = "hep-ph",
    doi = "10.1103/PhysRevLett.108.081805",
    journal = "Phys. Rev. Lett.",
    volume = "108",
    pages = "081805",
    year = "2012"
}

@article{Anchordoqui:2012qu,
    author = "Anchordoqui, Luis A. and Goldberg, Haim and Steigman, Gary",
    title = "{Right-Handed Neutrinos as the Dark Radiation: Status and Forecasts for the LHC}",
    eprint = "1211.0186",
    archivePrefix = "arXiv",
    primaryClass = "hep-ph",
    doi = "10.1016/j.physletb.2012.12.019",
    journal = "Phys. Lett. B",
    volume = "718",
    pages = "1162--1165",
    year = "2013"
}

@article{Bazavov:2009zn,
    author = "Bazavov, A. and others",
    title = "{Equation of state and QCD transition at finite temperature}",
    eprint = "0903.4379",
    archivePrefix = "arXiv",
    primaryClass = "hep-lat",
    reportNumber = "CU-TP-1189",
    doi = "10.1103/PhysRevD.80.014504",
    journal = "Phys. Rev. D",
    volume = "80",
    pages = "014504",
    year = "2009"
}

@article{HotQCD:2014kol,
    author = "Bazavov, A. and others",
    collaboration = "HotQCD",
    title = "{Equation of state in ( 2+1 )-flavor QCD}",
    eprint = "1407.6387",
    archivePrefix = "arXiv",
    primaryClass = "hep-lat",
    reportNumber = "BNL-105928-2014-JA",
    doi = "10.1103/PhysRevD.90.094503",
    journal = "Phys. Rev. D",
    volume = "90",
    pages = "094503",
    year = "2014"
}


@article{Coleman:2003hs,
    author = "Coleman, Thomas S. and Roos, Matts",
    title = "{Effective degrees of freedom during the radiation era}",
    eprint = "astro-ph/0304281",
    archivePrefix = "arXiv",
    doi = "10.1103/PhysRevD.68.027702",
    journal = "Phys. Rev. D",
    volume = "68",
    pages = "027702",
    year = "2003"
}

@article{Wantz:2009it,
    author = "Wantz, Olivier and Shellard, E. P. S.",
    title = "{Axion Cosmology Revisited}",
    eprint = "0910.1066",
    archivePrefix = "arXiv",
    primaryClass = "astro-ph.CO",
    doi = "10.1103/PhysRevD.82.123508",
    journal = "Phys. Rev. D",
    volume = "82",
    pages = "123508",
    year = "2010"
}

@book{Weinberg:1972kfs,
    author = "Weinberg, Steven",
    title = "{Gravitation and Cosmology}: {Principles and Applications of the General Theory of Relativity}",
    isbn = "978-0-471-92567-5, 978-0-471-92567-5",
    publisher = "John Wiley and Sons",
    address = "New York",
    year = "1972"
}

@article{Cabibbo:1975ig,
    author = "Cabibbo, N. and Parisi, G.",
    title = "{Exponential Hadronic Spectrum and Quark Liberation}",
    reportNumber = "INFN-ROME-620",
    doi = "10.1016/0370-2693(75)90158-6",
    journal = "Phys. Lett. B",
    volume = "59",
    pages = "67--69",
    year = "1975"
}
@phdthesis{Grayson:2024okq,
    author = "Grayson, Christopher",
    title = "{Dense Relativistic Matter-Antimatter Plasmas}",
    school = "Arizona U.",
    month = "4",
    year = "2024",
    note = "HDL:\href{https://hdl.handle.net/10150/672668}{10150/672668}"
}

%%%%%%%%%%%%%%%%%%%%%%%%%%%%%%%%%%%%%%%%%%%%%%%%%%%%%%%%%%%%%%%%%%%%%%%%%%%%%%%%%%%%%%%%%%%%%%%%

@article{Price:2021zqq,
    author = "Price, Will and Formanek, Martin and Rafelski, Johann",
    title = "{Radiation reaction and limiting acceleration}",
    eprint = "2112.04444",
    archivePrefix = "arXiv",
    primaryClass = "hep-ph",
    doi = "10.1103/PhysRevD.105.016024",
    journal = "Phys. Rev. D",
    volume = "105",
    number = "1",
    pages = "016024",
    year = "2022"
}

@article{Gonoskov:2021hwf,
    author = "Gonoskov, A. and Blackburn, T. G. and Marklund, M. and Bulanov, S. S.",
    title = "{Charged particle motion and radiation in strong electromagnetic fields}",
    eprint = "2107.02161",
    archivePrefix = "arXiv",
    primaryClass = "physics.plasm-ph",
    doi = "10.1103/RevModPhys.94.045001",
    journal = "Rev. Mod. Phys.",
    volume = "94",
    number = "4",
    pages = "045001",
    year = "2022"
}

@article{Zhou:2021vru,
    author = "Zhou, F. and others",
    title = "{Commissioning of the SLAC Linac Coherent Light Source II electron source}",
    doi = "10.1103/PhysRevAccelBeams.24.073401",
    journal = "Phys. Rev. Accel. Beams",
    volume = "24",
    number = "7",
    pages = "073401",
    year = "2021"
}

@article{Assmann:2020smm,
    author = "Assmann, R. W. and others",
    title = "{EuPRAXIA Conceptual Design Report}",
    doi = "10.1140/epjst/e2020-000127-8",
    journal = "Eur. Phys. J. ST",
    volume = "229",
    number = "24",
    pages = "3675--4284",
    year = "2020",
    note = "[Erratum: Eur.Phys.J.ST 229, 11--31 (2020)]"
}

@article{Decking:2020bct,
    author = "Decking, W. and others",
    title = "{A MHz-repetition-rate hard X-ray free-electron laser driven by a superconducting linear accelerator}",
    doi = "10.1038/s41566-020-0607-z",
    journal = "Nature Photon.",
    volume = "14",
    number = "6",
    pages = "391--397",
    year = "2020"
}

@article{Formanek:2020zwc,
    author = "Formanek, Martin and Steinmetz, Andrew and Rafelski, Johann",
    title = "{Radiation reaction friction: Resistive material medium}",
    eprint = "2004.09634",
    archivePrefix = "arXiv",
    primaryClass = "hep-ph",
    doi = "10.1103/PhysRevD.102.056015",
    journal = "Phys. Rev. D",
    volume = "102",
    number = "5",
    pages = "056015",
    year = "2020"
}

@article{Evans:2018kor,
    author = "Evans, Stefan and Rafelski, Johann",
    title = "{Vacuum stabilized by anomalous magnetic moment}",
    eprint = "1805.03622",
    archivePrefix = "arXiv",
    primaryClass = "hep-ph",
    doi = "10.1103/PhysRevD.98.016006",
    journal = "Phys. Rev. D",
    volume = "98",
    number = "1",
    pages = "016006",
    year = "2018"
}

@article{Rafelski:2017hce,
    author = "Rafelski, Johann and Formanek, Martin and Steinmetz, Andrew",
    title = "{Relativistic Dynamics of Point Magnetic Moment}",
    eprint = "1712.01825",
    archivePrefix = "arXiv",
    primaryClass = "physics.class-ph",
    doi = "10.1140/epjc/s10052-017-5493-2",
    journal = "Eur. Phys. J. C",
    volume = "78",
    number = "1",
    pages = "6",
    year = "2018"
}

@article{Moxon:2017ozd,
    author = "Moxon, Jordan and Flanagan, \'Eanna",
    title = "{Radiation-Reaction Force on a Small Charged Body to Second Order}",
    eprint = "1711.05212",
    archivePrefix = "arXiv",
    primaryClass = "gr-qc",
    doi = "10.1103/PhysRevD.97.105001",
    journal = "Phys. Rev. D",
    volume = "97",
    number = "10",
    pages = "105001",
    year = "2018"
}

@article{Huet:2017ydx,
    author = "Huet, Idrish and Rausch de Traubenberg, Michel and Schubert, Christian",
    title = "{Asymptotic Behaviour of the QED Perturbation Series}",
    eprint = "1707.07655",
    archivePrefix = "arXiv",
    primaryClass = "hep-th",
    doi = "10.1155/2017/6214341",
    journal = "Adv. High Energy Phys.",
    volume = "2017",
    pages = "6214341",
    year = "2017"
}

@book{Jegerlehner:2017gek,
    author = "Jegerlehner, Friedrich",
    title = "{The Anomalous Magnetic Moment of the Muon}",
    doi = "10.1007/978-3-319-63577-4",
    publisher = "Springer",
    address = "Cham",
    volume = "274",
    year = "2017"
}

@article{Gies:2016yaa,
    author = "Gies, Holger and Karbstein, Felix",
    title = "{An Addendum to the Heisenberg-Euler effective action beyond one loop}",
    eprint = "1612.07251",
    archivePrefix = "arXiv",
    primaryClass = "hep-th",
    doi = "10.1007/JHEP03(2017)108",
    month = "12",
    year = "2016",
    note = "[Addendum: JHEP 03, 108 (2017)]"
}

@article{Eichmann:2016yit,
    author = "Eichmann, Gernot and Sanchis-Alepuz, Helios and Williams, Richard and Alkofer, Reinhard and Fischer, Christian S.",
    title = "{Baryons as relativistic three-quark bound states}",
    eprint = "1606.09602",
    archivePrefix = "arXiv",
    primaryClass = "hep-ph",
    doi = "10.1016/j.ppnp.2016.07.001",
    journal = "Prog. Part. Nucl. Phys.",
    volume = "91",
    pages = "1--100",
    year = "2016"
}

@article{Rafelski:2016ixr,
    author = {Rafelski, Johann and Kirsch, Johannes and M\"uller, Berndt and Reinhardt, Joachim and Greiner, Walter},
    editor = {Schramm, Stefan and Sch\"afer, Mirko},
    title = "{Probing QED Vacuum with Heavy Ions}",
    eprint = "1604.08690",
    archivePrefix = "arXiv",
    primaryClass = "nucl-th",
    doi = "10.1007/978-3-319-44165-8_17",
    journal = "FIAS Interdisc. Sci. Ser.",
    pages = "211--251",
    year = "2017"
}

@article{Gavrilov:2015yha,
    author = "Gavrilov, S. P. and Gitman, D. M.",
    title = "{Quantization of charged fields in the presence of critical potential steps}",
    eprint = "1506.01156",
    archivePrefix = "arXiv",
    primaryClass = "hep-th",
    doi = "10.1103/PhysRevD.93.045002",
    journal = "Phys. Rev. D",
    volume = "93",
    number = "4",
    pages = "045002",
    year = "2016"
}

@article{Altmannshofer:2015qra,
    author = "Altmannshofer, Wolfgang and Brod, Joachim and Schmaltz, Martin",
    title = "{Experimental constraints on the coupling of the Higgs boson to electrons}",
    eprint = "1503.04830",
    archivePrefix = "arXiv",
    primaryClass = "hep-ph",
    reportNumber = "MITP-15-010",
    doi = "10.1007/JHEP05(2015)125",
    journal = "JHEP",
    volume = "05",
    pages = "125",
    year = "2015"
}

@article{Ferrer:2015wca,
    author = "Ferrer, E. J. and de la Incera, V. and Manreza Paret, D. and P\'erez Mart\'\i{}nez, A. and Sanchez, A.",
    title = "{Insignificance of the anomalous magnetic moment of charged fermions for the equation of state of a magnetized and dense medium}",
    eprint = "1501.06616",
    archivePrefix = "arXiv",
    primaryClass = "hep-ph",
    doi = "10.1103/PhysRevD.91.085041",
    journal = "Phys. Rev. D",
    volume = "91",
    number = "8",
    pages = "085041",
    year = "2015"
}

@article{Pacetti:2014jai,
    author = "Pacetti, S. and Baldini Ferroli, R. and Tomasi-Gustafsson, E.",
    title = "{Proton electromagnetic form factors: Basic notions, present achievements and future perspectives}",
    doi = "10.1016/j.physrep.2014.09.005",
    journal = "Phys. Rept.",
    volume = "550-551",
    pages = "1--103",
    year = "2015"
}

@phdthesis{Kravets:2014lca,
    author = "Kravets, Yevgen",
    title = "{Radiation reaction in strong fields from an alternative perspective}",
    eprint = "1408.4411",
    archivePrefix = "arXiv",
    primaryClass = "hep-ph",
    school = "Strathclyde U.",
    year = "2014"
}

@book{Schwartz:2014sze,
    author = "Schwartz, Matthew D.",
    title = "{Quantum Field Theory and the Standard Model}",
    isbn = "978-1-107-03473-0, 978-1-107-03473-0",
    publisher = "Cambridge University Press",
    month = "3",
    year = "2014"
}

@article{Elkina:2014dza,
    author = "Elkina, N. V. and Fedotov, A. M. and Herzing, C. and Ruhl, H.",
    title = "{Accurate numerical simulation of radiation reaction effects in strong electromagnetic fields}",
    eprint = "1401.7881",
    archivePrefix = "arXiv",
    primaryClass = "physics.plasm-ph",
    month = "1",
    year = "2014"
}

@article{Shovkovy:2012zn,
    author = "Shovkovy, Igor A.",
    title = "{Magnetic Catalysis: A Review}",
    eprint = "1207.5081",
    archivePrefix = "arXiv",
    primaryClass = "hep-ph",
    doi = "10.1007/978-3-642-37305-3_2",
    journal = "Lect. Notes Phys.",
    volume = "871",
    pages = "13--49",
    year = "2013"
}

@article{OConnell:2012dxm,
    author = "O'Connell, R. F.",
    title = "{Radiation Reaction: General approach and applications, especially to electrodynamics}",
    eprint = "1204.5699",
    archivePrefix = "arXiv",
    primaryClass = "quant-ph",
    doi = "10.1080/00107514.2012.688563",
    journal = "Contemp. Phys.",
    volume = "53",
    pages = "301--313",
    year = "2012"
}

@article{Labun:2012jf,
    author = "Labun, Lance and Rafelski, Johann",
    title = "{Acceleration and Vacuum Temperature}",
    eprint = "1203.6148",
    archivePrefix = "arXiv",
    primaryClass = "hep-ph",
    doi = "10.1103/PhysRevD.86.041701",
    journal = "Phys. Rev. D",
    volume = "86",
    pages = "041701",
    year = "2012"
}

@article{Angeles-Martinez:2011wpn,
    author = "Angeles-Martinez, Rene and Napsuciale, Mauro",
    title = "{Renormalization of the QED of second order spin 1/2 fermions}",
    eprint = "1112.1134",
    archivePrefix = "arXiv",
    primaryClass = "hep-ph",
    doi = "10.1103/PhysRevD.85.076004",
    journal = "Phys. Rev. D",
    volume = "85",
    pages = "076004",
    year = "2012"
}

@article{VaqueraAraujo:2012qa,
    author = "Vaquera-Araujo, Carlos A. and Napsuciale, Mauro and Angeles-Martinez, Rene",
    title = "{Renormalization of the QED of Self-Interacting Second Order Spin 1/2 Fermions}",
    eprint = "1205.1557",
    archivePrefix = "arXiv",
    primaryClass = "hep-ph",
    doi = "10.1007/JHEP01(2013)011",
    journal = "JHEP",
    volume = "01",
    pages = "011",
    year = "2013"
}

@article{DiPiazza:2011tq,
    author = "Di Piazza, A. and Muller, C. and Hatsagortsyan, K. Z. and Keitel, C. H.",
    title = "{Extremely high-intensity laser interactions with fundamental quantum systems}",
    eprint = "1111.3886",
    archivePrefix = "arXiv",
    primaryClass = "hep-ph",
    doi = "10.1103/RevModPhys.84.1177",
    journal = "Rev. Mod. Phys.",
    volume = "84",
    pages = "1177",
    year = "2012"
}

@article{Hanneke:2010au,
    author = "Hanneke, D. and Hoogerheide, S. Fogwell and Gabrielse, G.",
    title = "{Cavity Control of a Single-Electron Quantum Cyclotron: Measuring the Electron Magnetic Moment}",
    eprint = "1009.4831",
    archivePrefix = "arXiv",
    primaryClass = "physics.atom-ph",
    doi = "10.1103/PhysRevA.83.052122",
    journal = "Phys. Rev. A",
    volume = "83",
    pages = "052122",
    year = "2011"
}

@article{DiPiazza:2010mv,
    author = "Di Piazza, A. and Hatsagortsyan, K. Z. and Keitel, C. H.",
    title = "{Quantum radiation reaction effects in multiphoton Compton scattering}",
    eprint = "1007.4914",
    archivePrefix = "arXiv",
    primaryClass = "hep-ph",
    doi = "10.1103/PhysRevLett.105.220403",
    journal = "Phys. Rev. Lett.",
    volume = "105",
    pages = "220403",
    year = "2010"
}

@article{Hadad:2010mt,
    author = "Hadad, Y. and Labun, L. and Rafelski, J. and Elkina, N. and Klier, C. and Ruhl, H.",
    title = "{Effects of Radiation-Reaction in Relativistic Laser Acceleration}",
    eprint = "1005.3980",
    archivePrefix = "arXiv",
    primaryClass = "hep-ph",
    doi = "10.1103/PhysRevD.82.096012",
    journal = "Phys. Rev. D",
    volume = "82",
    pages = "096012",
    year = "2010"
}

@article{Kim:2009pg,
    author = "Kim, Sang Pyo and Lee, Hyun Kyu and Yoon, Yongsung",
    title = "{Effective Action of QED in Electric Field Backgrounds II. Spatially Localized Fields}",
    eprint = "0910.3363",
    archivePrefix = "arXiv",
    primaryClass = "hep-th",
    doi = "10.1103/PhysRevD.82.025015",
    journal = "Phys. Rev. D",
    volume = "82",
    pages = "025015",
    year = "2010"
}

@article{Kim:2016xvg,
    author = "Kim, Sang Pyo",
    title = "{Complex Effective Action and Schwinger Effect}",
    eprint = "1611.08102",
    archivePrefix = "arXiv",
    primaryClass = "hep-th",
    journal = "The Universe",
    volume = "4",
    number = "2",
    pages = "8--16",
    year = "2016"
}

@article{PauchyHwang:2009rz,
    author = "Pauchy Hwang, W-Y. and Kim, Sang Pyo",
    title = "{Vacuum Persistence and Inversion of Spin Statistics in Strong QED}",
    eprint = "0906.3813",
    archivePrefix = "arXiv",
    primaryClass = "hep-th",
    doi = "10.1103/PhysRevD.80.065004",
    journal = "Phys. Rev. D",
    volume = "80",
    pages = "065004",
    year = "2009"
}

@article{Gralla:2009md,
    author = "Gralla, Samuel E. and Harte, Abraham I. and Wald, Robert M.",
    title = "{A Rigorous Derivation of Electromagnetic Self-force}",
    eprint = "0905.2391",
    archivePrefix = "arXiv",
    primaryClass = "gr-qc",
    doi = "10.1103/PhysRevD.80.024031",
    journal = "Phys. Rev. D",
    volume = "80",
    pages = "024031",
    year = "2009"
}

@article{Jegerlehner:2009ry,
    author = "Jegerlehner, Fred and Nyffeler, Andreas",
    title = "{The Muon g-2}",
    eprint = "0902.3360",
    archivePrefix = "arXiv",
    primaryClass = "hep-ph",
    reportNumber = "HU-EP-09-07, HRI-P-09-02-001, RECAPP-HRI-2009-003",
    doi = "10.1016/j.physrep.2009.04.003",
    journal = "Phys. Rept.",
    volume = "477",
    pages = "1--110",
    year = "2009"
}

@article{Bakke:2008xt,
    author = "Bakke, K. and Nascimento, J. R. and Furtado, C.",
    title = "{Geometric Phase for Neutral Particle in the Presence of a Topological Defect}",
    eprint = "0803.3428",
    archivePrefix = "arXiv",
    primaryClass = "hep-th",
    doi = "10.1103/PhysRevD.78.064012",
    journal = "Phys. Rev. D",
    volume = "78",
    pages = "064012",
    year = "2008"
}

@article{Abele:2008zz,
    author = "Abele, Hartmut",
    title = "{The neutron. Its properties and basic interactions}",
    doi = "10.1016/j.ppnp.2007.05.002",
    journal = "Prog. Part. Nucl. Phys.",
    volume = "60",
    pages = "1--81",
    year = "2008"
}

@article{Crispino:2007eb,
    author = "Crispino, Luis C. B. and Higuchi, Atsushi and Matsas, George E. A.",
    title = "{The Unruh effect and its applications}",
    eprint = "0710.5373",
    archivePrefix = "arXiv",
    primaryClass = "gr-qc",
    doi = "10.1103/RevModPhys.80.787",
    journal = "Rev. Mod. Phys.",
    volume = "80",
    pages = "787--838",
    year = "2008"
}

@article{Holstein:2006ry,
    author = "Holstein, Barry R.",
    title = "{Factorization in graviton scattering and the 'natural' value of the g factor}",
    doi = "10.1103/PhysRevD.74.085002",
    journal = "Phys. Rev. D",
    volume = "74",
    pages = "085002",
    year = "2006"
}

@article{Passos:2006uw,
    author = "Passos, E. and Ribeiro, L. R. and Furtado, C. and Nascimento, J. R.",
    title = "{The Noncommutative Anandan's quantum phase}",
    eprint = "hep-th/0610222",
    archivePrefix = "arXiv",
    doi = "10.1103/PhysRevA.76.012113",
    journal = "Phys. Rev. A",
    volume = "76",
    pages = "012113",
    year = "2007"
}

@article{Holstein:2006wi,
    author = "Holstein, Barry R.",
    title = "{How Large is the 'natural' magnetic moment?}",
    eprint = "hep-ph/0607187",
    archivePrefix = "arXiv",
    doi = "10.1119/1.2345655",
    journal = "Am. J. Phys.",
    volume = "74",
    pages = "1104--1111",
    year = "2006"
}

@inbook{Dunne:2004nc,
    author = "Dunne, Gerald V.",
    editor = "Shifman, M. and Vainshtein, A. and Wheater, J.",
    title = "{Heisenberg-Euler effective Lagrangians: Basics and extensions}",
    booktitle = "{From fields to strings: Circumnavigating theoretical physics. Ian Kogan memorial collection (3 volume set)}",
    eprint = "hep-th/0406216",
    archivePrefix = "arXiv",
    doi = "10.1142/9789812775344_0014",
    pages = "445--522",
    month = "6",
    year = "2004"
}

@article{Bulanov:2004de,
    author = "Bulanov, S. S. and Narozhny, N. B. and Mur, V. D. and Popov, V. S.",
    title = "{On e+ e- pair production by a focused laser pulse in vacuum}",
    eprint = "hep-ph/0403163",
    archivePrefix = "arXiv",
    doi = "10.1016/j.physleta.2004.07.013",
    journal = "Phys. Lett. A",
    volume = "330",
    pages = "1--6",
    year = "2004"
}

@book{Spohn:2004ik,
    author = "Spohn, Herbert",
    title = "{Dynamics of Charged Particles and their Radiation Field}",
    doi = "10.1017/9781009402286",
    isbn = "978-1-00-940228-6, 978-1-00-940227-9, 978-1-00-940223-1, 978-0-521-03707-5, 978-0-521-83697-5, 978-0-511-20719-8",
    publisher = "Cambridge University Press",
    month = "7",
    year = "2023"
}

@article{Kruglov:2001dp,
    author = "Kruglov, S. I.",
    title = "{Pair production and vacuum polarization of arbitrary spin particles with EDM and AMM}",
    eprint = "hep-th/0110061",
    archivePrefix = "arXiv",
    doi = "10.1006/aphy.2001.6186",
    journal = "Annals Phys.",
    volume = "293",
    pages = "228--239",
    year = "2001"
}

@article{Jegerlehner:2001wq,
    author = "Jegerlehner, Fred",
    editor = "Chatterjee, L. and Sirlin, A. and Marciano, W. J.",
    title = "{Hadronic contributions to the photon vacuum polarization and their role in precision physics}",
    eprint = "hep-ph/0104304",
    archivePrefix = "arXiv",
    reportNumber = "DESY-01-028",
    doi = "10.1088/0954-3899/29/1/311",
    journal = "J. Phys. G",
    volume = "29",
    pages = "101--110",
    year = "2003"
}

@article{Czarnecki:2001pv,
    author = "Czarnecki, Andrzej and Marciano, William J.",
    title = "{The Muon anomalous magnetic moment: A Harbinger for 'new physics'}",
    eprint = "hep-ph/0102122",
    archivePrefix = "arXiv",
    reportNumber = "ALBERTA-THY-03-01, BNL-HET-01-4",
    doi = "10.1103/PhysRevD.64.013014",
    journal = "Phys. Rev. D",
    volume = "64",
    pages = "013014",
    year = "2001"
}

@book{Dittrich:2000zu,
    author = "Dittrich, W. and Gies, H.",
    title = "{Probing the quantum vacuum. Perturbative effective action approach in quantum electrodynamics and its application}",
    doi = "10.1007/3-540-45585-X",
    isbn = "978-3-540-67428-3, 978-3-540-45585-1",
    volume = "166",
    year = "2000"
}

@article{Anandan:1999ig,
    author = "Anandan, Jeeva S.",
    title = "{Classical and quantum interaction of the dipole}",
    eprint = "hep-th/9910018",
    archivePrefix = "arXiv",
    doi = "10.1103/PhysRevLett.85.1354",
    journal = "Phys. Rev. Lett.",
    volume = "85",
    pages = "1354--1357",
    year = "2000"
}

@article{Veltman:1997am,
    author = "Veltman, M. J. G.",
    title = "{Two component theory and electron magnetic moment}",
    eprint = "hep-th/9712216",
    archivePrefix = "arXiv",
    journal = "Acta Phys. Polon. B",
    volume = "29",
    pages = "783--798",
    year = "1998"
}

@book{Weinberg:1995mt,
    author = "Weinberg, Steven",
    title = "{The Quantum theory of fields. Vol. 1: Foundations}",
    doi = "10.1017/CBO9781139644167",
    isbn = "978-0-521-67053-1, 978-0-511-25204-4",
    publisher = "Cambridge University Press",
    month = "6",
    year = "2005"
}

@article{Ferrara:1992yc,
    author = "Ferrara, Sergio and Porrati, Massimo and Telegdi, Valentine L.",
    title = "{$g=2$ as the natural value of the tree-level gyromagnetic ratio of elementary particles}",
    reportNumber = "CERN-TH-6432-92, UCLA-92-TEP-7",
    doi = "10.1103/PhysRevD.46.3529",
    journal = "Phys. Rev. D",
    volume = "46",
    pages = "3529--3537",
    year = "1992"
}

@article{Alan:1992nc,
    author = "Alan, A. T. and Barut, A. O.",
    title = "{Generalization of the Volkov solution for relativistic particles with anomalous magnetic moments}",
    doi = "10.1209/0295-5075/17/2/006",
    journal = "EPL",
    volume = "17",
    pages = "119--122",
    year = "1992"
}

@article{Krivitsky:1991vt,
    author = "Krivitsky, V. S. and Tsytovich, V. N.",
    title = "{Average radiation reaction force in quantum electrodynamics}",
    doi = "10.1070/PU1991v034n03ABEH002352",
    journal = "Sov. Phys. Usp.",
    volume = "34",
    pages = "250--258",
    year = "1991"
}

@article{Ford:1988zz,
    author = "Ford, G. W. and Lewis, J. T. and O'Connell, R. F.",
    title = "{Quantum Langevin equation}",
    doi = "10.1103/PhysRevA.37.4419",
    journal = "Phys. Rev. A",
    volume = "37",
    pages = "4419--4428",
    year = "1988"
}

@book{Dittrich:1985yb,
    author = "Dittrich, W. and Reuter, M.",
    title = "{EFFECTIVE LAGRANGIANS IN QUANTUM ELECTRODYNAMICS}",
    volume = "220",
    year = "1985"
}

@book{Itzykson:1980rh,
    author = "Itzykson, C. and Zuber, J. B.",
    title = "{Quantum Field Theory}",
    isbn = "978-0-486-44568-7",
    publisher = "McGraw-Hill",
    address = "New York",
    series = "International Series In Pure and Applied Physics",
    year = "1980"
}

@article{Shen:1978cc,
    author = "Shen, C. S.",
    title = "{Radiation and Acceleration of a Relativistic Charged Particle in an Electromagnetic Field}",
    doi = "10.1103/PhysRevD.17.434",
    journal = "Phys. Rev. D",
    volume = "17",
    pages = "434--445",
    year = "1978"
}

@article{Candelas:1978gg,
    author = "Candelas, P. and Deutsch, D.",
    title = "{Fermion Fields in Accelerated States}",
    doi = "10.1098/rspa.1978.0132",
    journal = "Proc. Roy. Soc. Lond. A",
    volume = "362",
    pages = "251--262",
    year = "1978"
}

@article{Dittrich:1977ee,
    author = "Dittrich, W.",
    title = "{One Loop Effective Potential with Anomalous Moment of the electron}",
    reportNumber = "Print-77-1031 (TUBINGEN)",
    doi = "10.1088/0305-4470/11/6/019",
    journal = "J. Phys. A",
    volume = "11",
    pages = "1191",
    year = "1978"
}

@article{Muller:1977mm,
    author = "Muller, Berndt and Greiner, W. and Rafelski, Johann",
    title = "{Interpretation of External Fields as Temperature}",
    doi = "10.1016/0375-9601(77)90866-0",
    journal = "Phys. Lett. A",
    volume = "63",
    pages = "181--183",
    year = "1977"
}

@article{Moniz:1976kr,
    author = "Moniz, E. J. and Sharp, D. H.",
    title = "{Radiation Reaction in Nonrelativistic Quantum Electrodynamics}",
    reportNumber = "LA-UR-76-1527",
    doi = "10.1103/PhysRevD.15.2850",
    journal = "Phys. Rev. D",
    volume = "15",
    pages = "2850",
    year = "1977"
}

@article{Rafelski:1976ts,
    author = "Rafelski, Johann and Fulcher, Lewis P. and Klein, Abraham",
    title = "{Fermions and Bosons Interacting with Arbitrarily Strong External Fields}",
    reportNumber = "PRINT-77-0334 (ANL)",
    doi = "10.1016/0370-1573(78)90116-3",
    journal = "Phys. Rept.",
    volume = "38",
    pages = "227--361",
    year = "1978"
}

@article{Unruh:1976db,
    author = "Unruh, W. G.",
    title = "{Notes on black hole evaporation}",
    doi = "10.1103/PhysRevD.14.870",
    journal = "Phys. Rev. D",
    volume = "14",
    pages = "870",
    year = "1976"
}

@article{Ritus:1975cf,
    author = "Ritus, V. I.",
    title = "{The Lagrange Function of an Intensive Electromagnetic Field and Quantum Electrodynamics at Small Distances}",
    reportNumber = "LEBEDEV-75-129",
    journal = "Sov. Phys. JETP",
    volume = "42",
    pages = "774",
    year = "1975"
}

@article{Huschilt:1974xh,
    author = "Huschilt, J. and Baylis, W. E.",
    title = "{Solutions to the *new* equation of motion for classical charged particles}",
    doi = "10.1103/PhysRevD.9.2479",
    journal = "Phys. Rev. D",
    volume = "9",
    pages = "2479--2480",
    year = "1974"
}

@article{Tsai:1973jex,
    author = "Tsai, Wu-Yang and Yildiz, A.",
    title = "{Motion of an electron in a homogeneous magnetic field-modified propagation function and synchrotron radiation. (erratum)}",
    doi = "10.1103/PhysRevD.8.3446",
    journal = "Phys. Rev. D",
    volume = "8",
    pages = "3446",
    year = "1973",
    note = "[Erratum: Phys.Rev.D 9, 2489 (1974)]"
}

@article{Constantinescu:1972qe,
    author = "Constantinescu, D. H.",
    title = "{Electron selfenergy in a magnetic field}",
    doi = "10.1016/0550-3213(72)90285-4",
    journal = "Nucl. Phys. B",
    volume = "44",
    pages = "288--300",
    year = "1972"
}

@article{Rafelski:1972fi,
    author = "Rafelski, Johann and Fulcher, L. P. and Greiner, W.",
    title = "{A Condition for Vanishing Electromagnetic Selfstress in Nonlinear Classical Electrodynamics}",
    journal = "Nuovo Cim. B",
    volume = "7",
    pages = "137",
    year = "1972"
}

@article{Teitelboim:1971gb,
    author = "Teitelboim, C.",
    title = "{Radiation reaction as a retarded selfinteraction}",
    doi = "10.1103/PhysRevD.4.345",
    journal = "Phys. Rev. D",
    volume = "4",
    pages = "345--347",
    year = "1971"
}

@article{Newton:1971pq,
    author = "Newton, R. G.",
    title = "{Atoms in superstrong magnetic fields}",
    doi = "10.1103/PhysRevD.3.626",
    journal = "Phys. Rev. D",
    volume = "3",
    pages = "626--627",
    year = "1971"
}

@article{Tsai:1971zma,
    author = "Tsai, Wu-Yang and Yildiz, A.",
    title = "{Motion of charged particles in a homogeneous magnetic field}",
    doi = "10.1103/PhysRevD.4.3643",
    journal = "Phys. Rev. D",
    volume = "4",
    pages = "3643--3648",
    year = "1971"
}

@article{TseChin:1971tmj,
    author = "Tse Chin, Mo. and Papas, C. H.",
    title = "{New equation of motion for classical charged particles}",
    doi = "10.1103/PhysRevD.4.3566",
    journal = "Phys. Rev. D",
    volume = "4",
    pages = "3566--3571",
    year = "1971"
}

@article{Nikishov:1970br,
    author = "Nikishov, A. I.",
    title = "{Barrier scattering in field theory removal of klein paradox}",
    doi = "10.1016/0550-3213(70)90527-4",
    journal = "Nucl. Phys. B",
    volume = "21",
    pages = "346--358",
    year = "1970"
}

@article{Kim:2008yt,
    author = "Kim, Sang Pyo and Lee, Hyun Kyu and Yoon, Yongsung",
    title = "{Effective Action of Scalar QED in Electric Field Backgrounds}",
    eprint = "0807.2696",
    archivePrefix = "arXiv",
    primaryClass = "hep-th",
    doi = "10.1103/PhysRevD.78.105013",
    journal = "Phys. Rev. D",
    volume = "78",
    pages = "105013",
    year = "2008"
}

@article{Kim:2011cx,
    author = "Kim, Sang Pyo",
    title = "{QED Effective Action in Magnetic Field Backgrounds and Electromagnetic Duality}",
    eprint = "1109.1249",
    archivePrefix = "arXiv",
    primaryClass = "hep-th",
    doi = "10.1103/PhysRevD.84.065004",
    journal = "Phys. Rev. D",
    volume = "84",
    pages = "065004",
    year = "2011"
}

@article{Kim:2011cx,
    author = "Kim, Sang Pyo",
    title = "{QED Effective Action in Magnetic Field Backgrounds and Electromagnetic Duality}",
    eprint = "1109.1249",
    archivePrefix = "arXiv",
    primaryClass = "hep-th",
    doi = "10.1103/PhysRevD.84.065004",
    journal = "Phys. Rev. D",
    volume = "84",
    pages = "065004",
    year = "2011"
}

@article{Chen:2022hpe,
    author = "Chen, Chiang-Mei and Ishige, Toshimasa and Kim, Sang Pyo and Takayasu, Akitoshi and Wei, Chun-Yu",
    title = "{Monodromy approach to pair production of charged black holes and electric fields}",
    eprint = "2210.14792",
    archivePrefix = "arXiv",
    primaryClass = "hep-th",
    doi = "10.1016/j.cjph.2023.10.007",
    journal = "Chin. J. Phys.",
    volume = "86",
    pages = "255--268",
    year = "2023"
}

@article{Dunne:2005sx,
    author = "Dunne, Gerald V. and Schubert, Christian",
    title = "{Worldline instantons and pair production in inhomogeneous fields}",
    eprint = "hep-th/0507174",
    archivePrefix = "arXiv",
    doi = "10.1103/PhysRevD.72.105004",
    journal = "Phys. Rev. D",
    volume = "72",
    pages = "105004",
    year = "2005"
}

@article{Dunne:2006st,
    author = "Dunne, Gerald V. and Wang, Qing-hai and Gies, Holger and Schubert, Christian",
    title = "{Worldline instantons. II. The Fluctuation prefactor}",
    eprint = "hep-th/0602176",
    archivePrefix = "arXiv",
    doi = "10.1103/PhysRevD.73.065028",
    journal = "Phys. Rev. D",
    volume = "73",
    pages = "065028",
    year = "2006"
}

@article{Bialynicki-Birula:2011lzb,
    author = "Bialynicki-Birula, Iwo and Rudnicki, Lukasz and Wienczek, Albert",
    title = "{Removal of the Schwinger nonanaliticity in pair production by adiabatic switching of the electric field}",
    eprint = "1108.2615",
    archivePrefix = "arXiv",
    primaryClass = "hep-th",
    month = "8",
    year = "2011"
}

@article{Jancovici:1969exc,
    author = "Jancovici, B.",
    title = "{Radiative correction to the ground-state energy of an electron in an intense magnetic field}",
    doi = "10.1103/PhysRev.187.2275",
    journal = "Phys. Rev.",
    volume = "187",
    pages = "2275--2276",
    year = "1969"
}

@article{OConnell:1968spc,
    author = "O'Connell, R. F.",
    title = "{Effect of the Anomalous Magnetic Moment of the Electron on the Nonlinear Lagrangian of the Electromagnetic Field}",
    doi = "10.1103/PhysRev.176.1433",
    journal = "Phys. Rev.",
    volume = "176",
    pages = "1433--1437",
    year = "1968"
}

@article{Foldy:1958zz,
    author = "Foldy, Leslie L.",
    title = "{Neutron-Electron Interaction}",
    doi = "10.1103/RevModPhys.30.471",
    journal = "Rev. Mod. Phys.",
    volume = "30",
    pages = "471--481",
    year = "1958"
}

@article{Feynman:1958ty,
    author = "Feynman, R. P. and Gell-Mann, Murray",
    editor = "Brown, L. M.",
    title = "{Theory of Fermi interaction}",
    doi = "10.1103/PhysRev.109.193",
    journal = "Phys. Rev.",
    volume = "109",
    pages = "193--198",
    year = "1958"
}

@article{Heisenberg:1935qt,
    author = "Heisenberg, W. and Euler, H.",
    title = "{Consequences of Dirac's theory of positrons}",
    eprint = "physics/0605038",
    archivePrefix = "arXiv",
    doi = "10.1007/BF01343663",
    journal = "Z. Phys.",
    volume = "98",
    number = "11-12",
    pages = "714--732",
    year = "1936"
}

@article{Weisskopf:1996bu,
    author = "Weisskopf, V.",
    title = "{The electrodynamics of the vacuum based on the quantum theory of the electron}",
    journal = "Kong. Dan. Vid. Sel. Mat. Fys. Med.",
    volume = "14N6",
    number = "6",
    pages = "1--39",
    year = "1936"
}

@article{Schwinger:1951nm,
    author = "Schwinger, Julian S.",
    editor = "Milton, K. A.",
    title = "{On gauge invariance and vacuum polarization}",
    doi = "10.1103/PhysRev.82.664",
    journal = "Phys. Rev.",
    volume = "82",
    pages = "664--679",
    year = "1951"
}

@article{Johnson:1950zz,
    author = "Johnson, M. H. and Lippmann, B. A.",
    title = "{Relativistic Motion in a Magnetic Field}",
    doi = "10.1103/PhysRev.77.702",
    journal = "Phys. Rev.",
    volume = "77",
    pages = "702--705",
    year = "1950"
}

@article{Casimir:1948dh,
    author = "Casimir, H. B. G.",
    title = "{On the attraction between two perfectly conducting plates}",
    journal = "Indag. Math.",
    volume = "10",
    number = "4",
    pages = "261--263",
    year = "1948"
}

@article{Dirac:1938nz,
    author = "Dirac, Paul A. M.",
    title = "{Classical theory of radiating electrons}",
    doi = "10.1098/rspa.1938.0124",
    journal = "Proc. Roy. Soc. Lond. A",
    volume = "167",
    pages = "148--169",
    year = "1938"
}

@article{Fock:1937dy,
    author = "Fock, V.",
    title = "{Proper time in classical and quantum mechanics}",
    journal = "Phys. Z. Sowjetunion",
    volume = "12",
    pages = "404--425",
    year = "1937"
}


@article{Born:1934gh,
    author = "Born, M. and Infeld, L.",
    title = "{Foundations of the new field theory}",
    doi = "10.1098/rspa.1934.0059",
    journal = "Proc. Roy. Soc. Lond. A",
    volume = "144",
    number = "852",
    pages = "425--451",
    year = "1934"
}

@article{Sauter:1932gsa,
    author = "Sauter, Fritz",
    title = "{Zum ''Kleinschen Paradoxon''}",
    doi = "10.1007/BF01349862",
    journal = "Z. Phys.",
    volume = "73",
    pages = "547--552",
    year = "1932"
}

@article{Sauter:1931zz,
    author = "Sauter, Fritz",
    title = "{Uber das Verhalten eines Elektrons im homogenen elektrischen Feld nach der relativistischen Theorie Diracs}",
    doi = "10.1007/BF01339461",
    journal = "Z. Phys.",
    volume = "69",
    pages = "742--764",
    year = "1931"
}

@article{Klein:1929zz,
    author = "Klein, O.",
    title = "{Die Reflexion von Elektronen an einem Potentialsprung nach der relativistischen Dynamik von Dirac}",
    doi = "10.1007/BF01339716",
    journal = "Z. Phys.",
    volume = "53",
    pages = "157",
    year = "1929"
}

@article{Evans:2021coy,
    author = "Evans, Stefan and Rafelski, Johann",
    title = "{Particle production at a finite potential step: transition from Euler\textendash{}Heisenberg to Klein paradox}",
    eprint = "2108.12959",
    archivePrefix = "arXiv",
    primaryClass = "hep-ph",
    doi = "10.1140/epja/s10050-021-00654-x",
    journal = "Eur. Phys. J. A",
    volume = "57",
    number = "12",
    pages = "341",
    year = "2021"
}

@article{Evans:2022vmn,
    author = "Evans, Stefan and Rafelski, Johann",
    title = "{Singular properties of QED vacuum response to applied quasi-constant electromagnetic fields}",
    eprint = "2207.04033",
    archivePrefix = "arXiv",
    primaryClass = "hep-ph",
    month = "7",
    year = "2022"
}

@article{Formanek:2019cga,
    author = "Formanek, Martin and Steinmetz, Andrew and Rafelski, Johann",
    title = "{Classical neutral point particle in linearly polarized EM plane wave field}",
    eprint = "1904.10587",
    archivePrefix = "arXiv",
    primaryClass = "hep-ph",
    doi = "10.1088/1361-6587/ab242e",
    journal = "Plasma Phys. Control. Fusion",
    volume = "61",
    number = "8",
    pages = "084006",
    year = "2019"
}

@article{Formanek:2021mcp,
    author = "Formanek, Martin and Steinmetz, Andrew and Rafelski, Johann",
    title = "{Motion of classical charged particles with magnetic moment in external plane-wave electromagnetic fields}",
    eprint = "2103.02594",
    archivePrefix = "arXiv",
    primaryClass = "physics.class-ph",
    doi = "10.1103/PhysRevA.103.052218",
    journal = "Phys. Rev. A",
    volume = "103",
    number = "5",
    pages = "052218",
    year = "2021"
}


@article{Rocha:2021zcw,
    author = "Rocha, Gabriel S. and Denicol, Gabriel S. and Noronha, Jorge",
    title = "{Novel Relaxation Time Approximation to the Relativistic Boltzmann Equation}",
    eprint = "2103.07489",
    archivePrefix = "arXiv",
    primaryClass = "nucl-th",
    doi = "10.1103/PhysRevLett.127.042301",
    journal = "Phys. Rev. Lett.",
    volume = "127",
    number = "4",
    pages = "042301",
    year = "2021"
}

@article{Hattori:2020guh,
    author = "Hattori, Koichi and Itakura, Kazunori and Ozaki, Sho",
    title = "{Note on all-order Landau-level structures of the Heisenberg-Euler effective actions for QED and QCD}",
    eprint = "2001.06131",
    archivePrefix = "arXiv",
    primaryClass = "hep-ph",
    reportNumber = "YITP-20-03",
    month = "1",
    year = "2020"
}

@article{Starke:2014tfa,
    author = "Starke, R. and Schober, G. A. H.",
    title = "{Relativistic covariance of Ohm's law}",
    eprint = "1409.3723",
    archivePrefix = "arXiv",
    primaryClass = "math-ph",
    doi = "10.1142/S0218271816400101",
    journal = "Int. J. Mod. Phys. D",
    volume = "25",
    number = "11",
    pages = "1640010",
    year = "2016"
}

@article{Satow:2014lia,
    author = "Satow, Daisuke",
    title = "{Nonlinear electromagnetic response in quark-gluon plasma}",
    eprint = "1406.7032",
    archivePrefix = "arXiv",
    primaryClass = "hep-ph",
    reportNumber = "RIKEN-QHP-154",
    doi = "10.1103/PhysRevD.90.034018",
    journal = "Phys. Rev. D",
    volume = "90",
    number = "3",
    pages = "034018",
    year = "2014"
}

@article{Fujikawa:1980yx,
    author = "Fujikawa, Kazuo and Shrock, Robert",
    title = "{The Magnetic Moment of a Massive Neutrino and Neutrino Spin Rotation}",
    reportNumber = "ITP-SB-80-38",
    doi = "10.1103/PhysRevLett.45.963",
    journal = "Phys. Rev. Lett.",
    volume = "45",
    pages = "963",
    year = "1980"
}

@article{Becattini:2013fla,
    author = "Becattini, F. and Chandra, V. and Del Zanna, L. and Grossi, E.",
    title = "{Relativistic distribution function for particles with spin at local thermodynamical equilibrium}",
    eprint = "1303.3431",
    archivePrefix = "arXiv",
    primaryClass = "nucl-th",
    doi = "10.1016/j.aop.2013.07.004",
    journal = "Annals Phys.",
    volume = "338",
    pages = "32--49",
    year = "2013"
}

@article{Wilczek:2012sb,
    author = "Wilczek, Frank",
    title = "{Origins of Mass}",
    eprint = "1206.7114",
    archivePrefix = "arXiv",
    primaryClass = "hep-ph",
    reportNumber = "MIT-CTP-4379",
    doi = "10.2478/s11534-012-0121-0",
    journal = "Central Eur. J. Phys.",
    volume = "10",
    pages = "1021--1037",
    year = "2012"
}

@article{Rafelski:2012ui,
    author = "Rafelski, Johann and Evans, Stefan and Labun, Lance",
    title = "{A Cusp in QED at g=2}",
    eprint = "1205.1835",
    archivePrefix = "arXiv",
    primaryClass = "hep-ph",
    reportNumber = "see also arXiv 2212.13165 which contains all of this manuscript and
  more, published in:",
    month = "5",
    year = "2012"
}

@article{Rafelski:2012si,
    author = "Rafelski, Johann and Labun, Lance",
    editor = "Chen, Pisin",
    title = "{Critical Acceleration and Quantum Vacuum}",
    eprint = "1204.4923",
    archivePrefix = "arXiv",
    primaryClass = "hep-ph",
    doi = "10.1142/S0217732313400142",
    journal = "Mod. Phys. Lett. A",
    volume = "28",
    pages = "1340014",
    year = "2013"
}

@article{Aksenov:2009dy,
    author = "Aksenov, A. G. and Ruffini, R. and Vereshchagin, G. V.",
    title = "{Thermalization of the mildly relativistic plasma}",
    eprint = "0901.4837",
    archivePrefix = "arXiv",
    primaryClass = "astro-ph.HE",
    doi = "10.1103/PhysRevD.79.043008",
    journal = "Phys. Rev. D",
    volume = "79",
    pages = "043008",
    year = "2009"
}

@article{Thoma:2008my,
    author = "Thoma, Markus H.",
    title = "{Field Theoretic Description of Ultrarelativistic Electron-Positron Plasmas}",
    eprint = "0801.0956",
    archivePrefix = "arXiv",
    primaryClass = "physics.plasm-ph",
    doi = "10.1103/RevModPhys.81.959",
    journal = "Rev. Mod. Phys.",
    volume = "81",
    pages = "959--968",
    year = "2009"
}

@inproceedings{Mennessier:2007wk,
    author = "Mennessier, G. and Minkowski, P. and Narison, S. and Ochs, W.",
    title = "{Can the gamma-gamma processes reveal the nature of the sigma meson?}",
    booktitle = "{3rd High-Energy Physics International Conference in Madagascar}",
    eprint = "0707.4511",
    archivePrefix = "arXiv",
    primaryClass = "hep-ph",
    reportNumber = "HEP-MAD-2007-217.1",
    month = "7",
    year = "2007"
}

@article{Kaminski:2006qe,
    author = "Kaminski, R. and Pelaez, J. R. and Yndurain, F. J.",
    title = "{The Pion-pion scattering amplitude. III. Improving the analysis with forward dispersion relations and Roy equations}",
    eprint = "0710.1150",
    archivePrefix = "arXiv",
    primaryClass = "hep-ph",
    reportNumber = "FTUAM-07-11",
    doi = "10.1103/PhysRevD.77.054015",
    journal = "Phys. Rev. D",
    volume = "77",
    pages = "054015",
    year = "2008"
}

@article{Mourou:2006zz,
    author = "Mourou, Gerard A. and Tajima, Toshiki and Bulanov, Sergei V.",
    title = "{Optics in the relativistic regime}",
    doi = "10.1103/RevModPhys.78.309",
    journal = "Rev. Mod. Phys.",
    volume = "78",
    pages = "309--371",
    year = "2006"
}

@article{Bjorken:1982qr,
    author = "Bjorken, J. D.",
    title = "{Highly Relativistic Nucleus-Nucleus Collisions: The Central Rapidity Region}",
    reportNumber = "FERMILAB-PUB-82-044-THY, FERMILAB-PUB-82-044-T",
    doi = "10.1103/PhysRevD.27.140",
    journal = "Phys. Rev. D",
    volume = "27",
    pages = "140--151",
    year = "1983"
}

@article{Schenke:2006xu,
    author = "Schenke, Bjoern and Strickland, Michael and Greiner, Carsten and Thoma, Markus H.",
    title = "{A Model of the effect of collisions on QCD plasma instabilities}",
    eprint = "hep-ph/0603029",
    archivePrefix = "arXiv",
    doi = "10.1103/PhysRevD.73.125004",
    journal = "Phys. Rev. D",
    volume = "73",
    pages = "125004",
    year = "2006"
}

@article{Marklund:2006my,
    author = "Marklund, M. and Shukla, Padma Kant",
    title = "{Nonlinear collective effects in photon-photon and photon-plasma interactions}",
    eprint = "hep-ph/0602123",
    archivePrefix = "arXiv",
    doi = "10.1103/RevModPhys.78.591",
    journal = "Rev. Mod. Phys.",
    volume = "78",
    pages = "591--640",
    year = "2006"
}

@article{Carrington:2003je,
    author = "Carrington, M. E. and Fugleberg, T. and Pickering, D. and Thoma, M. H.",
    title = "{Dielectric functions and dispersion relations of ultrarelativistic plasmas with collisions}",
    eprint = "hep-ph/0312103",
    archivePrefix = "arXiv",
    doi = "10.1139/p04-035",
    journal = "Can. J. Phys.",
    volume = "82",
    pages = "671--678",
    year = "2004"
}

@article{Arnold:2003zc,
    author = "Arnold, Peter Brockway and Moore, Guy D and Yaffe, Laurence G.",
    title = "{Transport coefficients in high temperature gauge theories. 2. Beyond leading log}",
    eprint = "hep-ph/0302165",
    archivePrefix = "arXiv",
    doi = "10.1088/1126-6708/2003/05/051",
    journal = "JHEP",
    volume = "05",
    pages = "051",
    year = "2003"
}

@article{Elizalde:2002ca,
    author = "Elizalde, E. and Ferrer, E. J. and de la Incera, V.",
    title = "{Beyond constant mass approximation magnetic catalysis in the gauge Higgs-Yukawa model}",
    eprint = "hep-ph/0209324",
    archivePrefix = "arXiv",
    doi = "10.1103/PhysRevD.68.096004",
    journal = "Phys. Rev. D",
    volume = "68",
    pages = "096004",
    year = "2003"
}

@article{Arnold:2002zm,
    author = "Arnold, Peter Brockway and Moore, Guy D. and Yaffe, Laurence G.",
    title = "{Effective kinetic theory for high temperature gauge theories}",
    eprint = "hep-ph/0209353",
    archivePrefix = "arXiv",
    doi = "10.1088/1126-6708/2003/01/030",
    journal = "JHEP",
    volume = "01",
    pages = "030",
    year = "2003"
}

@article{Shen:2002zza,
    author = "Shen, Baifei and Meyer-ter-Vehn, J.",
    title = "{Pair and gamma-photon production from a thin foil confined by two laser pulses}",
    doi = "10.1103/PhysRevE.65.016405",
    journal = "Phys. Rev. E",
    volume = "65",
    pages = "016405",
    year = "2002"
}

@article{Blaizot:2001nr,
    author = "Blaizot, Jean-Paul and Iancu, Edmond",
    title = "{The Quark gluon plasma: Collective dynamics and hard thermal loops}",
    eprint = "hep-ph/0101103",
    archivePrefix = "arXiv",
    reportNumber = "SACLAY-T01-005, CERN-TH-2000-272",
    doi = "10.1016/S0370-1573(01)00061-8",
    journal = "Phys. Rept.",
    volume = "359",
    pages = "355--528",
    year = "2002"
}

@article{Cho:2000ei,
    author = "Cho, Y. M. and Pak, D. G.",
    title = "{Effective action: A Convergent series of QED}",
    eprint = "hep-th/0006057",
    archivePrefix = "arXiv",
    doi = "10.1103/PhysRevLett.86.1947",
    journal = "Phys. Rev. Lett.",
    volume = "86",
    pages = "1947--1950",
    year = "2001"
}

@article{Ferrer:2000ed,
    author = "Ferrer, E. J. and de la Incera, V.",
    title = "{Magnetic catalysis in the presence of scalar fields}",
    eprint = "hep-ph/0004113",
    archivePrefix = "arXiv",
    doi = "10.1016/S0370-2693(00)00482-2",
    journal = "Phys. Lett. B",
    volume = "481",
    pages = "287--294",
    year = "2000"
}

@article{Duncan:2000pj,
    author = "Duncan, Robert C.",
    editor = "Kippen, R. M. and Mallozzi, R. S. and Fishman, G. J.",
    title = "{Physics in ultra-strong magnetic fields}",
    eprint = "astro-ph/0002442",
    archivePrefix = "arXiv",
    doi = "10.1063/1.1361651",
    journal = "AIP Conf. Proc.",
    volume = "526",
    number = "1",
    pages = "830",
    year = "2000"
}

@article{Gusynin:1999ti,
    author = "Gusynin, V. P.",
    editor = "Kadyshevsky, V. G. and Sissakian, A. N.",
    title = "{Magnetic catalysis of chiral symmetry breaking in gauge theories}",
    eprint = "hep-th/0001070",
    archivePrefix = "arXiv",
    journal = "Ukr. J. Phys.",
    volume = "45",
    pages = "603--609",
    year = "2000"
}

@article{Ahonen:1998iz,
    author = "Ahonen, Jarkko",
    title = "{Transport coefficients in the early universe}",
    eprint = "hep-ph/9801434",
    archivePrefix = "arXiv",
    doi = "10.1103/PhysRevD.59.023004",
    journal = "Phys. Rev. D",
    volume = "59",
    pages = "023004",
    year = "1999"
}

@article{Baym:1997gq,
    author = "Baym, Gordon and Heiselberg, Henning",
    title = "{The Electrical conductivity in the early universe}",
    eprint = "astro-ph/9704214",
    archivePrefix = "arXiv",
    doi = "10.1103/PhysRevD.56.5254",
    journal = "Phys. Rev. D",
    volume = "56",
    pages = "5254--5259",
    year = "1997"
}

@article{Ahonen:1996nq,
    author = "Ahonen, Jarkko and Enqvist, Kari",
    title = "{Electrical conductivity in the early universe}",
    eprint = "hep-ph/9602357",
    archivePrefix = "arXiv",
    reportNumber = "HU-TFT-96-10",
    doi = "10.1016/0370-2693(96)00633-8",
    journal = "Phys. Lett. B",
    volume = "382",
    pages = "40--44",
    year = "1996"
}

@article{Gusynin:1995gt,
    author = "Gusynin, V. P. and Miransky, V. A. and Shovkovy, I. A.",
    title = "{Dynamical chiral symmetry breaking by a magnetic field in QED}",
    eprint = "hep-ph/9501304",
    archivePrefix = "arXiv",
    reportNumber = "ITP-95-02-E",
    doi = "10.1103/PhysRevD.52.4747",
    journal = "Phys. Rev. D",
    volume = "52",
    pages = "4747--4751",
    year = "1995"
}

@article{Terazawa:1994at,
    author = "Terazawa, Hidezumi",
    title = "{Pion pair production by two photons}",
    reportNumber = "INS-1045",
    doi = "10.1103/PhysRevD.51.R954",
    journal = "Phys. Rev. D",
    volume = "51",
    pages = "R954--R957",
    year = "1995"
}

@article{Kelly:1994dh,
    author = "Kelly, P. F. and Liu, Q. and Lucchesi, C. and Manuel, C.",
    title = "{Classical transport theory and hard thermal loops in the quark - gluon plasma}",
    eprint = "hep-ph/9406285",
    archivePrefix = "arXiv",
    reportNumber = "MIT-CTP-2320",
    doi = "10.1103/PhysRevD.50.4209",
    journal = "Phys. Rev. D",
    volume = "50",
    pages = "4209--4218",
    year = "1994"
}

@article{Kelly:1994ig,
    author = "Kelly, P. F. and Liu, Q. and Lucchesi, C. and Manuel, C.",
    title = "{Deriving the hard thermal loops of QCD from classical transport theory}",
    eprint = "hep-ph/9403403",
    archivePrefix = "arXiv",
    reportNumber = "MIT-CTP-2292",
    doi = "10.1103/PhysRevLett.72.3461",
    journal = "Phys. Rev. Lett.",
    volume = "72",
    pages = "3461--3463",
    year = "1994"
}

@inproceedings{Heiselberg:1994ms,
    author = "Heiselberg, H.",
    title = "{Transport properties of quark and gluon plasmas}",
    booktitle = "{Workshop on Pre-Equilibrium Parton Dynamics in Heavy Ion Collisions}",
    eprint = "hep-ph/9401300",
    archivePrefix = "arXiv",
    doi="10.48550/arXiv.hep-ph/9401300",
    reportNumber = "LBL-34911",
    pages = "125--136",
    month = "1",
    year = "1994"
}



@article{Bialynicki-Birula:1993shm,
    author = "Bialynicki-Birula, Iwo",
    title = "{Simple relativistic model of a finite size particle}",
    eprint = "nucl-th/9306006",
    archivePrefix = "arXiv",
    reportNumber = "PRINT-93-0494 (WARSAW,INST.PHYS.)",
    doi = "10.1016/0375-9601(93)90406-P",
    journal = "Phys. Lett. A",
    volume = "182",
    pages = "346--352",
    year = "1993"
}

@article{Blaizot:1993zk,
    author = "Blaizot, Jean Paul and Iancu, Edmond",
    title = "{Kinetic equations for long wavelength excitations of the quark - gluon plasma}",
    eprint = "hep-ph/9301236",
    archivePrefix = "arXiv",
    reportNumber = "SACLAY-SPH-T-93-1",
    doi = "10.1103/PhysRevLett.70.3376",
    journal = "Phys. Rev. Lett.",
    volume = "70",
    pages = "3376--3379",
    year = "1993"
}

@article{Heiselberg:1993cr,
    author = "Heiselberg, H. and Pethick, C. J.",
    title = "{Transport and relaxation in degenerate quark plasmas}",
    doi = "10.1103/PhysRevD.48.2916",
    journal = "Phys. Rev. D",
    volume = "48",
    pages = "2916--2928",
    year = "1993"
}

@article{Biro:1990vj,
    author = "Biro, T. S. and Levai, P. and Muller, Berndt",
    title = "{Strangeness production with 'massive' gluons}",
    doi = "10.1103/PhysRevD.42.3078",
    journal = "Phys. Rev. D",
    volume = "42",
    pages = "3078--3087",
    year = "1990"
}

@article{Mrowczynski:1989np,
    author = "Mr√≥wczy≈Ñski, S.",
    title = "{Kinetic theory approach to quark - gluon plasma oscillations}",
    doi = "10.1103/PhysRevD.39.1940",
    journal = "Phys. Rev. D",
    volume = "39",
    pages = "1940--1946",
    year = "1989"
}

@article{Mrowczynski:1988xu,
    author = "Mr√≥wczy≈Ñski, S.",
    title = "{On the Transport Coefficients of a Quark Plasma}",
    journal = "Acta Phys. Polon. B",
    url = "https://inspirehep.net/files/3fba62a9200e531a616211c440905b9d",
    volume = "19",
    pages = "91--96",
    year = "1988"
}

@article{Mrowczynski:1987jr,
    author = "Mr√≥wczy≈Ñski, S.",
    title = "{Small oscillations of a collisionless quark plasma}",
    doi = "10.1016/0370-2693(87)90718-0",
    journal = "Phys. Lett. B",
    volume = "188",
    pages = "129--132",
    year = "1987"
}

@article{Matsui:1986dx,
    author = "Matsui, T. and Svetitsky, B. and McLerran, Larry D.",
    title = "{Strangeness Production in Ultrarelativistic Heavy Ion Collisions. 2. Evolution of Flavor Composition in Scaling Hydrodynamics}",
    reportNumber = "MIT-CTP-1344",
    doi = "10.1103/PhysRevD.34.2047",
    journal = "Phys. Rev. D",
    volume = "34",
    pages = "2047",
    year = "1986"
}

@book{Halzen:1984mc,
    author = "Halzen, F. and Martin, Alan D.",
    title = "{Quarks and Leptones: An Introductory Course in Modern Particle Physics}",
    isbn = "978-0-471-88741-6",
    year = "1984",
    publisher ="{John Wiley \& Sons}"
}

@article{Schwinger:1983nt,
    author = "Schwinger, Julian S.",
    title = "{ELECTROMAGNETIC MASS REVISITED}",
    doi = "10.1007/BF01906185",
    journal = "Found. Phys.",
    volume = "13",
    pages = "373--383",
    year = "1983"
}

@article{Weldon:1982aq,
    author = "Weldon, H. Arthur",
    title = "{Covariant Calculations at Finite Temperature: The Relativistic Plasma}",
    reportNumber = "PRINT-82-0313 (PENN)",
    doi = "10.1103/PhysRevD.26.1394",
    journal = "Phys. Rev. D",
    volume = "26",
    pages = "1394",
    year = "1982"
}

@article{Combridge:1979ud,
    author = "Combridge, B. L.",
    title = "{ASSOCIATED PRODUCTION OF HEAVY FLAVORED STATES IN HADRON INTERACTIONS - SOME QCD ESTIMATES. (TALK)}",
    doi = "10.1088/0031-8949/20/1/001",
    journal = "Phys. Scripta",
    volume = "20",
    pages = "5--9",
    year = "1979"
}

@article{Gounaris:1968mw,
    author = "Gounaris, G. J. and Sakurai, J. J.",
    title = "{Finite width corrections to the vector meson dominance prediction for $\rho \to e^+ e^-$}",
    doi = "10.1103/PhysRevLett.21.244",
    journal = "Phys. Rev. Lett.",
    volume = "21",
    pages = "244--247",
    year = "1968"
}

@article{Bhatnagar:1954zz,
    author = "Bhatnagar, P. L. and Gross, E. P. and Krook, M.",
    title = "{A Model for Collision Processes in Gases. 1. Small Amplitude Processes in Charged and Neutral One-Component Systems}",
    doi = "10.1103/PhysRev.94.511",
    journal = "Phys. Rev.",
    volume = "94",
    pages = "511--525",
    year = "1954"
}

@article{Formanek:2021bpw,
    author = "Formanek, Martin and Ramsey, Dillon and Palastro, John P. and Di Piazza, Antonino",
    title = "{Radiation reaction enhancement in flying focus pulses}",
    eprint = "2108.09651",
    archivePrefix = "arXiv",
    primaryClass = "hep-ph",
    doi = "10.1103/PhysRevA.105.L020203",
    journal = "Phys. Rev. A",
    volume = "105",
    number = "2",
    pages = "L020203",
    year = "2022"
}

@article{Gratus:2021izz,
    author = "Gratus, Jonathan",
    title = "{Maxwell\textendash{}Lorentz without self-interactions: conservation of energy and momentum}",
    eprint = "2108.08644",
    archivePrefix = "arXiv",
    primaryClass = "physics.class-ph",
    doi = "10.1088/1751-8121/ac48ee",
    journal = "J. Phys. A",
    volume = "55",
    number = "6",
    pages = "065202",
    year = "2022"
}

@article{Nielsen:2021ppf,
    author = "Nielsen, C. F. and Justesen, J. B. and S\o{}rensen, A. H. and Uggerh\o{}j, U. I. and Holtzapple, R.",
    collaboration = "CERN NA63",
    title = "{Experimental verification of the Landau\textendash{}Lifshitz equation}",
    doi = "10.1088/1367-2630/ac1554",
    journal = "New J. Phys.",
    volume = "23",
    number = "8",
    pages = "085001",
    year = "2021"
}

@article{Li:2021gbc,
    author = "Li, Fei and Decyk, Viktor K. and Miller, Kyle G. and Tableman, Adam and Tsung, Frank S. and Vranic, Marija and Fonseca, Ricardo A. and Mori, Warren B.",
    title = "{Accurately simulating nine-dimensional phase space of relativistic particles in strong fields}",
    doi = "10.1016/j.jcp.2021.110367",
    journal = "J. Comput. Phys.",
    volume = "438",
    pages = "110367",
    year = "2021"
}

@article{Nielsen:2020ufz,
    author = "Nielsen, Christian F. and Justesen, Jens B. and S\o{}rensen, Allan H. and Uggerh\o{}j, Ulrik I. and Holtzapple, Robert",
    title = "{Radiation Reaction near the Classical Limit in Aligned Crystals}",
    eprint = "2008.10411",
    archivePrefix = "arXiv",
    primaryClass = "hep-ex",
    doi = "10.1103/PhysRevD.102.052004",
    journal = "Phys. Rev. D",
    volume = "102",
    number = "5",
    pages = "052004",
    year = "2020"
}

@article{Palastro:2020gcl,
    author = "Palastro, J. P. and Shaw, J. L. and Franke, P. and Ramsey, D. and Simpson, T. T. and Froula, D. H.",
    title = "{Dephasingless Laser Wakefield Acceleration}",
    doi = "10.1103/PhysRevLett.130.159902",
    journal = "Phys. Rev. Lett.",
    volume = "124",
    number = "13",
    pages = "134802",
    year = "2020",
    note = "[Erratum: Phys.Rev.Lett. 130, 159902 (2023)]"
}

@article{DiPiazza:2019vwb,
    author = "Di Piazza, A. and Wistisen, T. N. and Tamburini, M. and Uggerh\o{}j, U. I.",
    title = "{Testing Strong Field QED Close to the Fully Nonperturbative Regime Using Aligned Crystals}",
    eprint = "1911.04749",
    archivePrefix = "arXiv",
    primaryClass = "hep-ph",
    doi = "10.1103/PhysRevLett.124.044801",
    journal = "Phys. Rev. Lett.",
    volume = "124",
    number = "4",
    pages = "044801",
    year = "2020"
}

@article{Blackburn:2019rfv,
    author = "Blackburn, T. G.",
    title = "{Radiation reaction in electron-beam interactions with high-intensity lasers}",
    eprint = "1910.13377",
    archivePrefix = "arXiv",
    primaryClass = "physics.plasm-ph",
    doi = "10.1007/s41614-020-0042-0",
    journal = "Plasma Phys.",
    volume = "4",
    pages = "5",
    year = "2020"
}

@article{Wistisen:2019eza,
    author = "Wistisen, T. N. and Di Piazza, A. and Nielsen, C. F. and S\o{}rensen, A. H. and Uggerh\o{}j, U. I.",
    title = "{Quantum radiation reaction in aligned crystals beyond the local constant field approximation}",
    eprint = "1906.09144",
    archivePrefix = "arXiv",
    primaryClass = "physics.plasm-ph",
    doi = "10.1103/PhysRevResearch.1.033014",
    journal = "Phys. Rev. Research.",
    volume = "1",
    pages = "033014",
    year = "2019"
}

@article{Gonsalves:2019wnc,
    author = "Gonsalves, A. J. and others",
    title = "{Petawatt Laser Guiding and Electron Beam Acceleration to 8 GeV in a Laser-Heated Capillary Discharge Waveguide}",
    doi = "10.1103/PhysRevLett.122.084801",
    journal = "Phys. Rev. Lett.",
    volume = "122",
    number = "8",
    pages = "084801",
    year = "2019"
}

@article{Gu:2018ldj,
    author = "Gu, Yan-Jun and Weber, Stefan",
    title = "{Intense, directional and tunable \ensuremath{\gamma}-ray emission via relativistic oscillating plasma mirror}",
    doi = "10.1364/OE.26.019932",
    journal = "Opt. Express",
    volume = "26",
    number = "16",
    pages = "19932--19939",
    year = "2018"
}

@article{Huang:2018wvt,
    author = "Huang, Taiwu and Kim, Chul Min and Zhou, Cangtao and Cho, Myung Hoon and Nakajima, Kazuhisa and Ryu, Chang Mo and Ruan, Shuangchen and Nam, Chang Hee",
    title = "{Highly efficient laser-driven Compton gamma-ray source}",
    eprint = "1803.08237",
    archivePrefix = "arXiv",
    primaryClass = "physics.plasm-ph",
    doi = "10.1088/1367-2630/aaf8c4",
    journal = "New J. Phys.",
    volume = "21",
    number = "1",
    pages = "013008",
    year = "2019"
}

@article{Froula:2018ukn,
    author = "Froula, Dustin H. and others",
    title = "{Spatiotemporal control of laser intensity}",
    doi = "10.1038/s41566-018-0121-8",
    journal = "Nature Photon.",
    volume = "12",
    number = "5",
    pages = "262--265",
    year = "2018",
    note = "[Erratum: Nature Photon. 12, 437 (2018)]"
}

@article{Sainte-Marie:2017ezw,
    author = "Sainte-Marie, A. and Gobert, O. and Qu\'er\'e, F.",
    title = "{Controlling the velocity of ultrashort light pulses in vacuum through spatio-temporal couplings}",
    doi = "10.1364/optica.4.001298",
    journal = "Optica",
    volume = "4",
    number = "10",
    year = "2017"
}

@article{Poder:2017dpw,
    author = "Poder, K. and others",
    title = "{Experimental Signatures of the Quantum Nature of Radiation Reaction in the Field of an Ultraintense Laser}",
    eprint = "1709.01861",
    archivePrefix = "arXiv",
    primaryClass = "physics.plasm-ph",
    doi = "10.1103/PhysRevX.8.031004",
    journal = "Phys. Rev. X",
    volume = "8",
    number = "3",
    pages = "031004",
    year = "2018"
}

@article{Cole:2017zca,
    author = "Cole, J. M. and others",
    title = "{Experimental evidence of radiation reaction in the collision of a high-intensity laser pulse with a laser-wakefield accelerated electron beam}",
    eprint = "1707.06821",
    archivePrefix = "arXiv",
    primaryClass = "physics.plasm-ph",
    doi = "10.1103/PhysRevX.8.011020",
    journal = "Phys. Rev. X",
    volume = "8",
    number = "1",
    pages = "011020",
    year = "2018"
}

@article{Wistisen:2017pgr,
    author = "Wistisen, Tobias N. and Di Piazza, Antonino and Knudsen, Helge V. and Uggerh\o{}j, Ulrik I.",
    title = "{Experimental evidence of quantum radiation reaction in aligned crystals}",
    eprint = "1704.01080",
    archivePrefix = "arXiv",
    primaryClass = "hep-ex",
    doi = "10.1038/s41467-018-03165-4",
    journal = "Nature Commun.",
    volume = "9",
    number = "1",
    pages = "795",
    year = "2018"
}

@article{DiPiazza:2015oia,
    author = "Di Piazza, A. and Wistisen, Tobias N. and Uggerh\o{}j, Ulrik I.",
    title = "{Investigation of classical radiation reaction with aligned crystals}",
    eprint = "1503.05717",
    archivePrefix = "arXiv",
    primaryClass = "physics.plasm-ph",
    doi = "10.1016/j.physletb.2016.10.083",
    journal = "Phys. Lett. B",
    volume = "765",
    pages = "1--5",
    year = "2017"
}

@article{Sarri:2014gea,
    author = "Sarri, G. and others",
    title = "{Ultrahigh Brilliance Multi-MeV \ensuremath{\gamma} -Ray Beams from Nonlinear Relativistic Thomson Scattering}",
    eprint = "1407.6980",
    archivePrefix = "arXiv",
    primaryClass = "physics.optics",
    doi = "10.1103/PhysRevLett.113.224801",
    journal = "Phys. Rev. Lett.",
    volume = "113",
    number = "22",
    pages = "224801",
    year = "2014"
}

@article{Wang:2013zpo,
    author = "Wang, Xiaoming and others",
    title = "{Quasi-monoenergetic laser-plasma acceleration of electrons to 2 GeV}",
    doi = "10.1038/ncomms2988",
    journal = "Nature Commun.",
    volume = "4",
    pages = "1988",
    year = "2013"
}

@article{Phuoc:2012hzh,
    author = "Phuoc, K. Ta and Corde, S. and Thaury, C. and Malka, V. and Tafzi, A. and Goddet, J. P. and Shah, R. C. and Sebban, S. and Rousse, A.",
    title = "{All-optical Compton gamma-ray source}",
    eprint = "1301.3973",
    archivePrefix = "arXiv",
    primaryClass = "physics.plasm-ph",
    doi = "10.1038/nphoton.2012.82",
    journal = "Nature Photon.",
    volume = "6",
    pages = "308",
    year = "2012"
}

@article{Katz:2011ke,
    author = "Katz, U. F. and Spiering, Ch.",
    title = "{High-Energy Neutrino Astrophysics: Status and Perspectives}",
    eprint = "1111.0507",
    archivePrefix = "arXiv",
    primaryClass = "astro-ph.HE",
    doi = "10.1016/j.ppnp.2011.12.001",
    journal = "Prog. Part. Nucl. Phys.",
    volume = "67",
    pages = "651--704",
    year = "2012"
}

@article{Burles:1999ac,
    author = "Burles, S. and Nollett, K. M. and Turner, Michael S.",
    editor = "Seto, R.",
    title = "{Deuterium and big bang nucleosynthesis}",
    eprint = "astro-ph/9903300",
    archivePrefix = "arXiv",
    doi = "10.1016/S0375-9474(99)00732-0",
    journal = "Nucl. Phys. A",
    volume = "663",
    pages = "861c--864c",
    year = "2000"
}

@article{Baier:2000mf,
    author = "Baier, R. and Schiff, D. and Zakharov, B. G.",
    title = "{Energy loss in perturbative QCD}",
    eprint = "hep-ph/0002198",
    archivePrefix = "arXiv",
    reportNumber = "BI-TP-2000-08, LPT-ORSAY-00-22",
    doi = "10.1146/annurev.nucl.50.1.37",
    journal = "Ann. Rev. Nucl. Part. Sci.",
    volume = "50",
    pages = "37--69",
    year = "2000"
}

@article{Belogianni:2002ic,
    author = "Belogianni, A and others",
    title = "{Observation of a soft photon signal in excess of QED expectations in p p interactions}",
    doi = "10.1016/S0370-2693(02)02837-X",
    journal = "Phys. Lett. B",
    volume = "548",
    pages = "129--139",
    year = "2002"
}

@book{Baier:1998vh,
    author = "Baier, V. N. and Katkov, V. M. and Strakhovenko, V. M.",
    title = "{Electromagnetic processes at high energies in oriented single crystals}",
    isbn = "978-981-02-1603-0",
    year = "1998",
doi="10.1142/2216",
publisher="World Scientific"
}

@article{DElia:1997sdk,
    author = "D'Elia, Massimo and Di Giacomo, A. and Meggiolaro, E.",
    title = "{Field strength correlators in full QCD}",
    eprint = "hep-lat/9705032",
    archivePrefix = "arXiv",
    reportNumber = "IFUP-TH-19-97",
    doi = "10.1016/S0370-2693(97)00814-9",
    journal = "Phys. Lett. B",
    volume = "408",
    pages = "315--319",
    year = "1997"
}

@article{DiGiacomo:1996bbx,
    author = "Di Giacomo, A. and Meggiolaro, E. and Panagopoulos, H.",
    title = "{Gauge invariant field correlators in QCD at finite temperature}",
    eprint = "hep-lat/9603018",
    archivePrefix = "arXiv",
    reportNumber = "IFUP-TH-14-96, UCY-PHY-96-6",
    doi = "10.1016/S0550-3213(96)00580-9",
    journal = "Nucl. Phys. B",
    volume = "483",
    pages = "371--382",
    year = "1997"
}

@article{Narison:1995tw,
    author = "Narison, Stephan",
    title = "{Heavy quarkonia mass splittings in QCD: Gluon condensate, alpha-s and 1/m expansion}",
    eprint = "hep-ph/9512348",
    archivePrefix = "arXiv",
    reportNumber = "PM-95-51",
    doi = "10.1016/0370-2693(96)00954-9",
    journal = "Phys. Lett. B",
    volume = "387",
    pages = "162--172",
    year = "1996"
}

@article{Narison:1995hz,
    author = "Narison, Stephan",
    title = "{Model independent determination of M(s) from tau - like inclusive decays in e+ e- and implications for the chi(SB) parameters}",
    eprint = "hep-ph/9504333",
    archivePrefix = "arXiv",
    reportNumber = "PM-95-06",
    doi = "10.1016/0370-2693(95)00939-I",
    journal = "Phys. Lett. B",
    volume = "358",
    pages = "113--122",
    year = "1995"
}

@article{Klevansky:1992qe,
    author = "Klevansky, S. P.",
    title = "{The Nambu-Jona-Lasinio model of quantum chromodynamics}",
    doi = "10.1103/RevModPhys.64.649",
    journal = "Rev. Mod. Phys.",
    volume = "64",
    pages = "649--708",
    year = "1992"
}

@book{Shifman:1992xu,
    editor = "Shifman, Mikhail A.",
    title = "{Vacuum structure and QCD sum rules}",
    year = "1992",
   publisher="North-Holland"
}

@article{Aerts:1984vv,
    author = "Aerts, A. T. M. and Rafelski, Johann",
    title = "{{QCD}, Bags and Hadron Masses}",
    reportNumber = "CERN-TH-3942",
    doi = "10.1016/0370-2693(84)90099-6",
    journal = "Phys. Lett. B",
    volume = "148",
    pages = "337",
    year = "1984"
}

@article{Shifman:1978bw,
    author = "Shifman, Mikhail A. and Vainshtein, A. I. and Zakharov, Valentin I.",
    title = "{QCD and Resonance Physics. The rho-omega Mixing}",
    reportNumber = "ITEP-99-1978",
    doi = "10.1016/0550-3213(79)90024-5",
    journal = "Nucl. Phys. B",
    volume = "147",
    pages = "519--534",
    year = "1979"
}

@article{Dunkel:2008ngc,
    author = {Dunkel, J\"orn and H\"anggi, Peter},
    title = "{Relativistic Brownian motion}",
    eprint = "0812.1996",
    archivePrefix = "arXiv",
    primaryClass = "cond-mat.stat-mech",
    doi = "10.1016/j.physrep.2008.12.001",
    journal = "Phys. Rept.",
    volume = "471",
    pages = "1--73",
    year = "2009"
}



@article{Shifman:1978bx,
    author = "Shifman, Mikhail A. and Vainshtein, A. I. and Zakharov, Valentin I.",
    title = "{QCD and Resonance Physics. Theoretical Foundations}",
    reportNumber = "ITEP-73-1978, ITEP-80-1978",
    doi = "10.1016/0550-3213(79)90022-1",
    journal = "Nucl. Phys. B",
    volume = "147",
    pages = "385--447",
    year = "1979"
}

@article{Shifman:1978by,
    author = "Shifman, Mikhail A. and Vainshtein, A. I. and Zakharov, Valentin I.",
    title = "{QCD and Resonance Physics: Applications}",
    reportNumber = "ITEP-94-1978, ITEP-81-1978",
    doi = "10.1016/0550-3213(79)90023-3",
    journal = "Nucl. Phys. B",
    volume = "147",
    pages = "448--518",
    year = "1979"
}

@article{Jaffe:1976ih,
    author = "Jaffe, Robert L.",
    title = "{Multi-Quark Hadrons. 2. Methods}",
    reportNumber = "SLAC-PUB-1773",
    doi = "10.1103/PhysRevD.15.281",
    journal = "Phys. Rev. D",
    volume = "15",
    pages = "281",
    year = "1977"
}

@article{Johnson:1975zp,
    author = "Johnson, K.",
    title = "{The M.I.T. Bag Model}",
    reportNumber = "MIT-CTP-494",
    journal = "Acta Phys. Polon. B",
    volume = "6",
    pages = "865",
    year = "1975"
}

@article{Thomas:1927yu,
    author = "Thomas, L. H.",
    title = "{The Kinematics of an electron with an axis}",
    doi = "10.1080/14786440108564170",
    journal = "Phil. Mag. Ser. 7",
    volume = "3",
    pages = "1--21",
    year = "1927"
}

@article{Bargmann:1959gz,
    author = "Bargmann, V. and Michel, Louis and Telegdi, V. L.",
    editor = "Damour, Thibault and Todorov, Ivan and Zhilinskii, Boris",
    title = "{Precession of the polarization of particles moving in a homogeneous electromagnetic field}",
    doi = "10.1103/PhysRevLett.2.435",
    journal = "Phys. Rev. Lett.",
    volume = "2",
    pages = "435--436",
    year = "1959"
}

@article{Wen:2016uhj,
    author = "Wen, Meng and Keitel, Christoph H. and Bauke, Heiko",
    title = "{Spin-one-half particles in strong electromagnetic fields: Spin effects and radiation reaction}",
    eprint = "1610.08951",
    archivePrefix = "arXiv",
    primaryClass = "physics.plasm-ph",
    doi = "10.1103/PhysRevA.95.042102",
    journal = "Phys. Rev. A",
    volume = "95",
    number = "4",
    pages = "042102",
    year = "2017"
}

@article{Frenkel:1926zz,
    author = "Frenkel, J.",
    title = "{Die Elektrodynamik des rotierenden Elektrons}",
    doi = "10.1007/BF01397099",
    journal = "Z. Phys.",
    volume = "37",
    pages = "243--262",
    year = "1926"
}

@article{Good:1962zza,
    author = "Good, R. H.",
    title = "{Classical Equations of Motion for a Polarized Particle in an Electromagnetic Field}",
    doi = "10.1103/PhysRev.125.2112",
    journal = "Phys. Rev.",
    volume = "125",
    pages = "2112--2115",
    year = "1962"
}

@article{DeGrand:1975cf, 
    author = "DeGrand, Thomas A. and Jaffe, R. L. and Johnson, K. and Kiskis, J. E.",
    title = "{Masses and Other Parameters of the Light Hadrons}",
    reportNumber = "MIT-CTP-475",
    doi = "10.1103/PhysRevD.12.2060",
    journal = "Phys. Rev. D",
    volume = "12",
    pages = "2060",
    year = "1975"
}

@book{Jackson:1998nia,
    author = "Jackson, John David",
    title = "{Classical Electrodynamics}",
    isbn = "978-0-471-30932-1",
    publisher = "Wiley",
    year = "1998"
}

@article{Einstein:1905ve,
    author = "Einstein, Albert",
    title = "{On the electrodynamics of moving bodies}",
    doi = "10.1002/andp.200590006",
    journal = "Annalen Phys.",
    volume = "17",
    pages = "891--921",
    year = "1905"
}

@inproceedings{VanHove:1986mz,
    author = "Van Hove, L.",
    title = "{THEORETICAL PREDICTION OF A NEW STATE OF MATTER, THE 'QUARK - GLUON PLASMA' (ALSO CALLED 'QUARK MATTER')}",
    booktitle = "{17th International Symposium on Multiparticle Dynamics}",
    pages = "801--818",
    year = "1986"
}

@article{Chodos:1974pn,
    author = "Chodos, A. and Jaffe, R. L. and Johnson, K. and Thorn, Charles B.",
    title = "{Baryon Structure in the Bag Theory}",
    reportNumber = "MIT-CTP-417",
    doi = "10.1103/PhysRevD.10.2599",
    journal = "Phys. Rev. D",
    volume = "10",
    pages = "2599",
    year = "1974"
}

@article{Chodos:1974je,
    author = "Chodos, A. and Jaffe, R. L. and Johnson, K. and Thorn, Charles B. and Weisskopf, V. F.",
    title = "{A New Extended Model of Hadrons}",
    reportNumber = "MIT-CTP-387-REV, MIT-CTP-387",
    doi = "10.1103/PhysRevD.9.3471",
    journal = "Phys. Rev. D",
    volume = "9",
    pages = "3471--3495",
    year = "1974"
}


@article{Singha:2023eia,
    author = "Singha, Pracheta and Bhadury, Samapan and Mukherjee, Arghya and Jaiswal, Amaresh",
    title = "{Relativistic BGK hydrodynamics}",
    eprint = "2301.00544",
    archivePrefix = "arXiv",
    primaryClass = "nucl-th",
    doi = "10.1140/epjc/s10052-024-12784-9",
    journal = "Eur. Phys. J. C",
    volume = "84",
    number = "4",
    pages = "417",
    year = "2024"
}

@article{Kaspi:2017fwg,
    author = "Kaspi, Victoria M. and Beloborodov, Andrei",
    title = "{Magnetars}",
    eprint = "1703.00068",
    archivePrefix = "arXiv",
    primaryClass = "astro-ph.HE",
    doi = "10.1146/annurev-astro-081915-023329",
    journal = "Ann. Rev. Astron. Astrophys.",
    volume = "55",
    pages = "261--301",
    year = "2017"
}

@article{Huang:2015oca,
    author = "Huang, Xu-Guang",
    title = "{Electromagnetic fields and anomalous transports in heavy-ion collisions --- A pedagogical review}",
    eprint = "1509.04073",
    archivePrefix = "arXiv",
    primaryClass = "nucl-th",
    doi = "10.1088/0034-4885/79/7/076302",
    journal = "Rept. Prog. Phys.",
    volume = "79",
    number = "7",
    pages = "076302",
    year = "2016"
}

@article{Weber:2017pmh,
    author = "Weber, S. and others",
    title = "{P3: An installation for high-energy density plasma physics and ultra-high intensity laser\textendash{}matter interaction at ELI-Beamlines}",
    doi = "10.1016/j.mre.2017.03.003",
    journal = "Matter Radiat. Extremes",
    volume = "2",
    pages = "149--176",
    year = "2017"
}

@article{Das:2021bkz,
    author = "Das, Arpan and Mishra, Hiranmaya and Mohapatra, Ranjita K.",
    title = "{Diffusion matrix associated with the diffusion processes of multiple conserved charges in a hot and dense hadronic matter}",
    eprint = "2109.01543",
    archivePrefix = "arXiv",
    primaryClass = "nucl-th",
    doi = "10.1103/PhysRevD.106.014013",
    journal = "Phys. Rev. D",
    volume = "106",
    number = "1",
    pages = "014013",
    year = "2022"
}

@book{Hakim:2011bk,
author = {Hakim, R√©mi},
title = {Introduction to Relativistic Statistical Mechanics},
publisher = {World Scientific},
year = {2011},
doi = {10.1142/7881},
address = {},
edition   = {},
eprint = {https://www.worldscientific.com/doi/pdf/10.1142/7881}
}

@book{Cercignani:2002bk,
author="Cercignani, Carlo
and Kremer, Gilberto Medeiros",
title="Relativistic Boltzmann Equation",
bookTitle="The Relativistic Boltzmann Equation: Theory and Applications",
year="2002",
publisher="Birkh{\"a}user Basel",
address="Basel",
pages="31--63",
abstract="The purpose of this chapter is to introduce the basic concepts of relativistic kinetic theory and the relativistic Boltzmann equation, which rules the time evolution of the distribution function.",
isbn="978-3-0348-8165-4",
doi="10.1007/978-3-0348-8165-4_2"
}

@article{Baranger:1989elt,
  title = {Electrical linear-response theory in an arbitrary magnetic field: A new Fermi-surface formation},
  author = {Baranger, Harold U. and Stone, A. Douglas},
  journal = {Phys. Rev. B},
  volume = {40},
  issue = {12},
  pages = {8169--8193},
  numpages = {0},
  year = {1989},
  month = {Oct},
  publisher = {American Physical Society},
  doi = {10.1103/PhysRevB.40.8169}
}

@article{Greene1973,
    author = {Greene, John M.},
    title = "{Improved Bhatnagar‚ÄêGross‚ÄêKrook model of electron‚Äêion collisions}",
    journal = {The Physics of Fluids},
    volume = {16},
    number = {11},
    pages = {2022-2023},
    year = {1973},
    month = {11},
    abstract = "{Previous models of the BGK type for ion‚Äêelectron collisions are modified to produce the correct relation between the time scales for ion‚Äêelectron momentum exchange and ion thermalization.}",
    issn = {0031-9171},
    doi = {10.1063/1.1694254},
    eprint = {https://pubs.aip.org/aip/pfl/article-pdf/16/11/2022/12262579/2022\_1\_online.pdf},
}
@article{Dougherty1964,
    author = {Dougherty, J. P.},
    title = "{Model Fokker-Planck Equation for a Plasma and Its Solution}",
    journal = {The Physics of Fluids},
    volume = {7},
    number = {11},
    pages = {1788-1799},
    year = {1964},
    month = {11},
    abstract = "{A model Fokker-Planck equation for a single species of particles in a plasma is discussed. This equation has several properties in common with the real equation, and ascribes an approximately correct behavior to most of the particles, though incorrect for the high-energy tail in the thermal distribution. It is shown that the equation can be solved completely, for the small perturbations of a uniform plasma by electric fields harmonic in space and time, in an external magnetic field. Applications to ionospheric radar scattering are briefly discussed; it is shown that in certain circumstances, ion-ion collisions can have a profound effect on the scattering even though the collision frequency is much smaller than the ion gyrofrequency, and this appears to agree with observation.}",
    issn = {0031-9171},
    doi = {10.1063/1.2746779},
    eprint = {https://pubs.aip.org/aip/pfl/article-pdf/7/11/1788/12277137/1788\_1\_online.pdf},
}

@article{Francisquez:2022imd,
title={Improved multispecies Dougherty collisions}, volume={88}, DOI={10.1017/S0022377822000289}, number={3}, journal={Journal of Plasma Physics}, author={Francisquez, Manaure and Juno, James and Hakim, Ammar and Hammett, Gregory W. and Ernst, Darin R.}, year={2022}, pages={905880303}}

@article{Ong:1970evs, title={The effect of velocity space diffusion on the universal instability in a plasma}, volume={4}, DOI={10.1017/S0022377800005389}, number={4}, journal={Journal of Plasma Physics}, author={Ong, R. S. B. and Yu, M. Y.}, year={1970}, pages={729‚Äì738}} 

%MROWCZYNSKI20171,
@article{Mrowczynski:2016etf,
    author = "Mrowczynski, Stanislaw and Schenke, Bjoern and Strickland, Michael",
    title = "{Color instabilities in the quark\textendash{}gluon plasma}",
    eprint = "1603.08946",
    archivePrefix = "arXiv",
    primaryClass = "hep-ph",
    doi = "10.1016/j.physrep.2017.03.003",
    journal = "Phys. Rept.",
    volume = "682",
    pages = "1--97",
    year = "2017"
}

@article{Hurst:2014svf,
  title={Semiclassical Vlasov and fluid models for an electron gas with spin effects},
  author={Hurst, J{\'e}r{\^o}me and Morandi, Omar and Manfredi, Giovanni and Hervieux, Paul-Antoine},
  journal={The European Physical Journal D},
  volume={68},
  doi="10.1140/epjd/e2014-50205-5",
  pages={1--11},
  year={2014},
  publisher={Springer}
}

@article{STAR:2023jdd,
  title = {Observation of the Electromagnetic Field Effect via Charge-Dependent Directed Flow in Heavy-Ion Collisions at the Relativistic Heavy Ion Collider},
  author = { Abdulhamid\text{ }et\text{ }al.   },
  collaboration = {STAR Collaboration},
  journal = {Phys. Rev. X},
  volume = {14},
  issue = {1},
  pages = {011028},
  numpages = {12},
  year = {2024},
  month = {Feb},
  publisher = {American Physical Society},
  doi = {10.1103/PhysRevX.14.011028},
}

@article{Debye:1923,
  title={Zur theorie der elektrolyte. II},
  author={Debye, Peter and H{\"u}ckel, Erich},
  journal={Das Grenzgesetz f{\"u}r die elektrische Leitf{\"a}higkeit. Phys},
  volume={305},
  year={1923}
}
@article{Salpeter:1969apj,
  title={Nuclear reaction rates at high densities},
  author={Salpeter, EE and Van Horn, HM},
  journal={Astrophysical Journal, vol. 155, p. 183},
  volume={155},
  pages={183},
  year={1969},
doi ={10.1086/149858}
}

@article{Carraro:1988apj,
  title={Dynamic screening of thermonuclear reactions},
  author={Carraro, C and Schafer, A and Koonin, SE},
  journal={Astrophysical Journal, Part 1 (ISSN 0004-637X), vol. 331, Aug. 1, 1988, p. 565-571.},
  volume={331},
  pages={565--571},
  year={1988},
doi = "10.1086/166582",
}

@article{Opher:1999jh,
    author = "Opher, Merav and Opher, Reuven",
    title = "{Dynamic screening in thermonuclear reactions}",
    eprint = "astro-ph/9908218",
    archivePrefix = "arXiv",
    doi = "10.1086/308808",
    journal = "Astrophys. J.",
    volume = "535",
    pages = "473--474",
    year = "2000"
}
@article{Yao:2016cjs,
    author = {Yao, Xiaojun and Mehen, Thomas and M\"uller, Berndt},
    title = "{Dynamical screening of \ensuremath{\alpha}-\ensuremath{\alpha} resonant scattering and thermal nuclear scattering rate in a plasma}",
    eprint = "1609.00383",
    archivePrefix = "arXiv",
    primaryClass = "nucl-th",
    doi = "10.1103/PhysRevD.95.116002",
    journal = "Phys. Rev. D",
    volume = "95",
    number = "11",
    pages = "116002",
    year = "2017"
}
@article{Sasankan:2019oee,
    author = "Sasankan, Nishanth and Kedia, Atul and Kusakabe, Motohiko and Mathews, Grant J.",
    title = "{Analysis of the Multi-component Relativistic Boltzmann Equation for Electron Scattering in Big Bang Nucleosynthesis}",
    eprint = "1911.07334",
    archivePrefix = "arXiv",
    primaryClass = "nucl-th",
    doi = "10.1103/PhysRevD.101.123532",
    journal = "Phys. Rev. D",
    volume = "101",
    number = "12",
    pages = "123532",
    year = "2020"
}
@article{Kedia:2020xdc,
    author = "Kedia, Atul and Sasankan, Nishanth and Mathews, Grant J. and Kusakabe, Motohiko",
    title = "{Simulations of Multi-Component Relativistic Thermalization}",
    eprint = "2004.13186",
    archivePrefix = "arXiv",
    primaryClass = "cond-mat.stat-mech",
    doi = "10.1103/PhysRevE.103.032101",
    journal = "Phys. Rev. E",
    volume = "103",
    pages = "032101",
    year = "2021"
}

@article{Pitrou:2021vqr,
    author = "Pitrou, Cyril and Coc, Alain and Uzan, Jean-Philippe and Vangioni, Elisabeth",
    title = "{Resolving conclusions about the early Universe requires accurate nuclear measurements}",
    eprint = "2104.11148",
    archivePrefix = "arXiv",
    primaryClass = "astro-ph.CO",
    doi = "10.1038/s42254-021-00294-6",
    journal = "Nature Rev. Phys.",
    volume = "3",
    number = "4",
    pages = "231--232",
    year = "2021"
}
@article{Bertulani:2022qly,
    author = "Bertulani, Carlos A. and Hall, Francis W. and Santoyo, Benjamin I.",
    title = "{Big Bang nucleosynthesis as a probe of new physics}",
    eprint = "2210.04071",
    archivePrefix = "arXiv",
    primaryClass = "nucl-th",
    doi = "10.1051/epjconf/202327501003",
    journal = "EPJ Web Conf.",
    volume = "275",
    pages = "01003",
    year = "2023"
}
@article{Meissner:2023voo,
    author = "Mei\ss{}ner, Ulf-G. and Metsch, Bernard Ch. and Meyer, Helen",
    title = "{The electromagnetic fine-structure constant in primordial nucleosynthesis revisited}",
    eprint = "2305.15849",
    archivePrefix = "arXiv",
    primaryClass = "hep-th",
    doi = "10.1140/epja/s10050-023-01131-3",
    journal = "Eur. Phys. J. A",
    volume = "59",
    number = "10",
    pages = "223",
    year = "2023"
}
@article{Haro:2023JWST,
  title={Spectroscopic verification of very luminous galaxy candidates in the early universe},
  author={Arrabal Haro, Pablo and Dickinson, Mark and Finkelstein, Steven L and Kartaltepe, Jeyhan S and Donnan, Callum T and Burgarella, Denis and Carnall, Adam and Cullen, Fergus and Dunlop, James S and Fern{\'a}ndez, Vital and others},
  journal={arXiv e-prints},
  pages={arXiv--2303},
  year={2023}
}
@article{Sabti:2023xwo,
    author = "Sabti, Nashwan and Mu\~noz, Julian B. and Kamionkowski, Marc",
    title = "{Insights from HST into Ultramassive Galaxies and Early-Universe Cosmology}",
    eprint = "2305.07049",
    archivePrefix = "arXiv",
    primaryClass = "astro-ph.CO",
    doi = "10.1103/PhysRevLett.132.061002",
    journal = "Phys. Rev. Lett.",
    volume = "132",
    number = "6",
    pages = "061002",
    year = "2024"
}
@article{Ilie:2023DM,
  title={Supermassive Dark Star candidates seen by JWST},
  author={Ilie, Cosmin and Paulin, Jillian and Freese, Katherine},
  journal={Proceedings of the National Academy of Sciences},
  volume={120},
  number={30},
  pages={e2305762120},
  year={2023},
  publisher={National Acad Sciences},
doi ="10.1073/pnas.2305762120"
}

@article{Montgomery:1970jpp,
doi = {10.1088/0032-1028/10/7/304},
year = {1968},
month = {jan},
publisher={IOP Publishing},
volume = {10},
number = {7},
pages = {681},
author = {D Montgomery and  G Joyce and  Ryo Sugihara},
title = {Inverse third power law for the shielding of test particles},
journal = {Plasma Physics}
}

@article{Stenflo:1973,
  title={Shielding of a slow test charge in a collisional plasma},
  author={Stenflo, L and Yu, MY and Shukla, PK},
  journal={Physics of Fluids},
  volume={16},
  number={3},
  pages={450--452},
  year={1973},
doi ="10.1063/1.1694361"
}
@book{Shukla:2002ppcf,
  title={Introduction to dusty plasma physics},
  author={Shukla, Padma K and Mamun, AA},
  year={2015},
  publisher={CRC press},
doi ="doi:10.1088/0741-3335/44/3/701"
}
@article{Lampe:2000pop,
  title={Interactions between dust grains in a dusty plasma},
  author={Lampe, Martin and Joyce, Glenn and Ganguli, Gurudas and Gavrishchaka, Valeriy},
  journal={Physics of Plasmas},
  volume={7},
  number={10},
  pages={3851--3861},
  year={2000},
  publisher={AIP Publishing},
doi="10.1063/1.1288910"
}
@article{Grayson:2022asf,
    author = "Grayson, Christopher and Formanek, Martin and Rafelski, Johann and Mueller, Berndt",
    title = "{Dynamic magnetic response of the quark-gluon plasma to electromagnetic fields}",
    eprint = "2204.14186",
    archivePrefix = "arXiv",
    primaryClass = "hep-ph",
    doi = "10.1103/PhysRevD.106.014011",
    journal = "Phys. Rev. D",
    volume = "106",
    number = "1",
    pages = "014011",
    year = "2022"
}
@article{Shukla:1996ccc,
    author = {Shukla, P. K. and Rao, N. N.},
    title = "{Coulomb crystallization in colloidal plasmas with streaming ions and dust grains}",
    journal = {Physics of Plasmas},
    volume = {3},
    number = {5},
    pages = {1770-1772},
    year = {1996},
    month = {05},
    issn = {1070-664X},
    doi = {10.1063/1.871695}
}
@article{Hakim:1967prd,
  title = {Relativistic Perfect Gas in an External Force Field},
  author = {Hakim, Remi},
  journal = {Phys. Rev.},
  volume = {162},
  issue = {1},
  pages = {128--133},
  numpages = {0},
  year = {1967},
  month = {Oct},
  publisher = {American Physical Society},
  doi = {10.1103/PhysRev.162.128}
}
@book{DeGroot:1980dk,
    author = "De Groot, S. R. and Van Leeuwen, W. A. and Van Weert, C. G.",
    publisher ="North Holland",
    title = "{Relativistic Kinetic Theory. Principles and Applications}",
    url = "https://www.google.com/books/edition/Relativistic_Kinetic_Theory/wkZ-AAAAIAAJ?hl=en",
    year = "1980"
}
@article{Gouy:1910,
  title={Sur la constitution de la charge \'electrique \`a la surface d‚Äôun \'electrolyte},
  author={M. Gouy},
  journal={J. Phys. Theor. Appl.},
  volume={9},
  number={1},
  pages={457--468},
  year={1910},
 doi = {10.1051/jphystap:019100090045700 }
}
@article{Thomas:1994prl,
  title = {Plasma Crystal: Coulomb Crystallization in a Dusty Plasma},
  author = {Thomas, H. and Morfill, G. E. and Demmel, V. and Goree, J. and Feuerbacher, B. and M\"ohlmann, D.},
  journal = {Phys. Rev. Lett.},
  volume = {73},
  issue = {5},
  pages = {652--655},
  numpages = {0},
  year = {1994},
  month = {Aug},
  publisher = {American Physical Society},
  doi = {10.1103/PhysRevLett.73.652}
}
@article{Gupta:2023mn,
    author = {Gupta, Rajendra P},
    title = "{JWST early Universe observations and $\Lambda$CDM cosmology}",
    journal = {Monthly Notices of the Royal Astronomical Society},
    volume = {524},
    number = {3},
    pages = {3385-3395},
    year = {2023},
    month = {07},
    issn = {0035-8711},
    doi = {10.1093/mnras/stad2032},
    eprint = {https://academic.oup.com/mnras/article-pdf/524/3/3385/51015444/stad2032.pdf}
}
@article{Labaune:2013dla,
    author = "Labaune, C. and Baccou, C. and Depierreux, S. and Goyon, C. and Loisel, G. and Yahia, V. and Rafelski, J.",
    title = "{Fusion reactions initiated by laser-accelerated particle beams in a laser-produced plasma}",
    eprint = "1310.2002",
    archivePrefix = "arXiv",
    primaryClass = "physics.plasm-ph",
    doi = "10.1038/ncomms3506",
    journal = "Nature Commun.",
    volume = "4",
    pages = "2506",
    year = "2013"
}

@article{Margarone:2022mdpi,
  title={In-target proton--boron nuclear fusion using a PW-class laser},
  author={Margarone, Daniele and Bonvalet, Julien and Giuffrida, Lorenzo and Morace, Alessio and Kantarelou, Vasiliki and Tosca, Marco and Raffestin, Didier and Nicolai, Philippe and Picciotto, Antonino and Abe, Yuki and others},
  journal={MDPI Applied sciences},
  volume={12},
  number={3},
  pages={1444},
  year={2022},
  publisher={Multidisciplinary Digital Publishing Institute},
doi ={10.3390/app12031444}
}
@article{Buyukcizmeci:2023azb,
    author = "Buyukcizmeci, N. and Reichert, T. and Botvina, A. S. and Bleicher, M.",
    title = "{Nucleosynthesis of light nuclei and hypernuclei in central Au+Au collisions at sNN=3 GeV}",
    eprint = "2306.17145",
    archivePrefix = "arXiv",
    primaryClass = "nucl-th",
    doi = "10.1103/PhysRevC.108.054904",
    journal = "Phys. Rev. C",
    volume = "108",
    number = "5",
    pages = "054904",
    year = "2023"
}
@article{Zhao:2020jqu,
    author = "Zhao, Jiaxing and Zhou, Kai and Chen, Shile and Zhuang, Pengfei",
    title = "{Heavy flavors under extreme conditions in high energy nuclear collisions}",
    eprint = "2005.08277",
    archivePrefix = "arXiv",
    primaryClass = "nucl-th",
    doi = "10.1016/j.ppnp.2020.103801",
    journal = "Prog. Part. Nucl. Phys.",
    volume = "114",
    pages = "103801",
    year = "2020"
}

@article{Bahcall:2001smc,
doi = {10.1086/321493},
year = {2001},
month = {jul},
publisher = {},
volume = {555},
number = {2},
pages = {990},
author = {John N. Bahcall and M. H. Pinsonneault and Sarbani Basu},
title = {Solar Models: Current Epoch and Time Dependences, Neutrinos, and Helioseismological Properties},
journal = {The Astrophysical Journal}
}



@article{Kravchuk:2014sps,
  title = {Strong plasma screening in thermonuclear reactions: Electron drop model},
  author = {Kravchuk, P. A. and Yakovlev, D. G.},
  journal = {Phys. Rev. C},
  volume = {89},
  issue = {1},
  pages = {015802},
  numpages = {14},
  year = {2014},
  month = {Jan},
  publisher = {American Physical Society},
  doi = {10.1103/PhysRevC.89.015802}
}
%ferreira2023jwst
@article{Ferreira:2023jwst,
doi = {10.3847/1538-4357/acec76},
year = {2023},
month = {sep},
publisher = {The American Astronomical Society},
volume = {955},
number = {2},
pages = {94},
author = {Leonardo Ferreira and Christopher J. Conselice and Elizaveta Sazonova and Fabricio Ferrari and Joseph Caruana and Cl√°r-Br√≠d Tohill and Geferson Lucatelli and Nathan Adams and Dimitrios Irodotou and Madeline A. Marshall and Will J. Roper and Christopher C. Lovell and Aprajita Verma and Duncan Austin and James Trussler and Stephen M. Wilkins},
title = {The JWST Hubble Sequence: The Rest-frame Optical Evolution of Galaxy Structure at $1.5 > z > 6.5$},
journal = {The Astrophysical Journal}
}
%rafelski2013connecting 3rd DUPLICATE

%doi:10.1073/pnas.1914599117,
@article{Wennerstrom:2020,
author = {H√•kan Wennerstr√∂m  and Eloy Vallina Estrada  and Jens Danielsson  and Mikael Oliveberg },
title = {Colloidal stability of the living cell},
journal = {Proceedings of the National Academy of Sciences},
volume = {117},
number = {19},
pages = {10113-10121},
year = {2020},
doi = {10.1073/pnas.1914599117}
}
%Zhang_2020
@article{Zhang:2020nuc, 
doi = {10.3847/1538-4357/ab8222},
year = {2020},
month = {apr},
publisher = {The American Astronomical Society},
volume = {893},
number = {2},
pages = {126},
author = {Qian Zhang and Zhenglin Huang and Jun Hu and Bingjun Chen and Suqing Hou and Tieshan Wang and Kaihong Fang},
title = {Astrophysical $S(E)$ for the $9\text{Be}(p, d)^8\text{Be}$ and $^9\text{Be}(p, \alpha)^6\text{Li}$ Reactions by Direct Measurement},
journal = {The Astrophysical Journal}
}
@article{Weldon:1982bn,
  title = {Effective fermion masses of order $\mathrm{gT}$ in high-temperature gauge theories with exact chiral invariance},
  author = {Weldon, H. Arthur},
  journal = {Phys. Rev. D},
  volume = {26},
  issue = {10},
  pages = {2789--2796},
  numpages = {0},
  year = {1982},
  month = {Nov},
  publisher = {American Physical Society},
  doi = {10.1103/PhysRevD.26.2789}
}

@article{Tuchin:2010vs,
    author = "Tuchin, Kirill",
    title = "{Synchrotron radiation by fast fermions in heavy-ion collisions}",
    eprint = "1006.3051",
    archivePrefix = "arXiv",
    primaryClass = "nucl-th",
    reportNumber = "RBRC-845",
    doi = "10.1103/PhysRevC.83.039903",
    journal = "Phys. Rev. C",
    volume = "82",
    pages = "034904",
    year = "2010",
    note = "[Erratum: Phys.Rev.C 83, 039903 (2011)]"
}
@article{Deng:2012pc,
    author = "Deng, Wei-Tian and Huang, Xu-Guang",
    title = "{Event-by-event generation of electromagnetic fields in heavy-ion collisions}",
    eprint = "1201.5108",
    archivePrefix = "arXiv",
    primaryClass = "nucl-th",
    doi = "10.1103/PhysRevC.85.044907",
    journal = "Phys. Rev. C",
    volume = "85",
    pages = "044907",
    year = "2012"
}
@article{Tuchin:2013apa,
    author = "Tuchin, Kirill",
    title = "{Time and space dependence of the electromagnetic field in relativistic heavy-ion collisions}",
    eprint = "1305.5806",
    archivePrefix = "arXiv",
    primaryClass = "hep-ph",
    doi = "10.1103/PhysRevC.88.024911",
    journal = "Phys. Rev. C",
    volume = "88",
    number = "2",
    pages = "024911",
    year = "2013"
}
@article{McLerran:2013hla,
    author = "McLerran, L. and Skokov, V.",
    title = "{Comments About the Electromagnetic Field in Heavy-Ion Collisions}",
    eprint = "1305.0774",
    archivePrefix = "arXiv",
    primaryClass = "hep-ph",
    reportNumber = "BNL-100762-2013-JA",
    doi = "10.1016/j.nuclphysa.2014.05.008",
    journal = "Nucl. Phys. A",
    volume = "929",
    pages = "184--190",
    year = "2014"
}
@article{Gursoy:2014aka,
    author = "Gursoy, Umut and Kharzeev, Dmitri and Rajagopal, Krishna",
    title = "{Magnetohydrodynamics, charged currents and directed flow in heavy ion collisions}",
    eprint = "1401.3805",
    archivePrefix = "arXiv",
    primaryClass = "hep-ph",
    doi = "10.1103/PhysRevC.89.054905",
    journal = "Phys. Rev. C",
    volume = "89",
    number = "5",
    pages = "054905",
    year = "2014"
}
@article{Roy:2015kma,
    author = "Roy, Victor and Pu, Shi and Rezzolla, Luciano and Rischke, Dirk",
    title = "{Analytic Bjorken flow in one-dimensional relativistic magnetohydrodynamics}",
    eprint = "1506.06620",
    archivePrefix = "arXiv",
    primaryClass = "nucl-th",
    doi = "10.1016/j.physletb.2015.08.046",
    journal = "Phys. Lett. B",
    volume = "750",
    pages = "45--52",
    year = "2015"
}
@article{Li:2016tel,
    author = "Li, Hui and Sheng, Xin-li and Wang, Qun",
    title = "{Electromagnetic fields with electric and chiral magnetic conductivities in heavy ion collisions}",
    eprint = "1602.02223",
    archivePrefix = "arXiv",
    primaryClass = "nucl-th",
    reportNumber = "USTC-ICTS-16-01",
    doi = "10.1103/PhysRevC.94.044903",
    journal = "Phys. Rev. C",
    volume = "94",
    number = "4",
    pages = "044903",
    year = "2016"
}
@article{Inghirami:2016iru,
    author = "Inghirami, Gabriele and Del Zanna, Luca and Beraudo, Andrea and Moghaddam, Mohsen Haddadi and Becattini, Francesco and Bleicher, Marcus",
    title = "{Numerical magneto-hydrodynamics for relativistic nuclear collisions}",
    eprint = "1609.03042",
    archivePrefix = "arXiv",
    primaryClass = "hep-ph",
    doi = "10.1140/epjc/s10052-016-4516-8",
    journal = "Eur. Phys. J. C",
    volume = "76",
    number = "12",
    pages = "659",
    year = "2016"
}
@article{Inghirami:2019mkc,
    author = "Inghirami, Gabriele and Mace, Mark and Hirono, Yuji and Del Zanna, Luca and Kharzeev, Dmitri E. and Bleicher, Marcus",
    title = "{Magnetic fields in heavy ion collisions: flow and charge transport}",
    eprint = "1908.07605",
    archivePrefix = "arXiv",
    primaryClass = "hep-ph",
    doi = "10.1140/epjc/s10052-020-7847-4",
    journal = "Eur. Phys. J. C",
    volume = "80",
    number = "3",
    pages = "293",
    year = "2020"
}
@article{Yan:2021zjc,
    author = "Yan, Li and Huang, Xu-Guang",
    title = "{Dynamical evolution of a magnetic field in the preequilibrium quark-gluon plasma}",
    eprint = "2104.00831",
    archivePrefix = "arXiv",
    primaryClass = "nucl-th",
    doi = "10.1103/PhysRevD.107.094028",
    journal = "Phys. Rev. D",
    volume = "107",
    number = "9",
    pages = "094028",
    year = "2023"
}
@article{Wang:2021oqq,
    author = "Wang, Zeyan and Zhao, Jiaxing and Greiner, Carsten and Xu, Zhe and Zhuang, Pengfei",
    title = "{Incomplete electromagnetic response of hot QCD matter}",
    eprint = "2110.14302",
    archivePrefix = "arXiv",
    primaryClass = "hep-ph",
    doi = "10.1103/PhysRevC.105.L041901",
    journal = "Phys. Rev. C",
    volume = "105",
    number = "4",
    pages = "L041901",
    year = "2022"
}

@article{Florkowski:2017olj,
    author = "Florkowski, Wojciech and Heller, Michal P. and Spalinski, Michal",
    title = "{New theories of relativistic hydrodynamics in the LHC era}",
    eprint = "1707.02282",
    archivePrefix = "arXiv",
    primaryClass = "hep-ph",
    doi = "10.1088/1361-6633/aaa091",
    journal = "Rept. Prog. Phys.",
    volume = "81",
    number = "4",
    pages = "046001",
    year = "2018"
}


@article{Song:2007ux,
    author = "Song, Huichao and Heinz, Ulrich W.",
    title = "{Causal viscous hydrodynamics in 2+1 dimensions for relativistic heavy-ion collisions}",
    eprint = "0712.3715",
    archivePrefix = "arXiv",
    primaryClass = "nucl-th",
    reportNumber = "CERN-PH-TH-2007-269",
    doi = "10.1103/PhysRevC.77.064901",
    journal = "Phys. Rev. C",
    volume = "77",
    pages = "064901",
    year = "2008"
}

@article{Romatschke:2015gic,
    author = "Romatschke, Paul",
    title = "{Retarded correlators in kinetic theory: branch cuts, poles and hydrodynamic onset transitions}",
    eprint = "1512.02641",
    archivePrefix = "arXiv",
    primaryClass = "hep-th",
    doi = "10.1140/epjc/s10052-016-4169-7",
    journal = "Eur. Phys. J. C",
    volume = "76",
    number = "6",
    pages = "352",
    year = "2016"
}
@article{Kapusta:1992fm,
    author = "Kapusta, Joseph I.",
    title = "{Screening of static QED electric fields in hot QCD}",
    reportNumber = "PRINT-92-0309 (MINNESOTA)",
    doi = "10.1103/PhysRevD.46.4749",
    journal = "Phys. Rev. D",
    volume = "46",
    pages = "4749--4753",
    year = "1992"
}
@article{Jackson:2019mop,
    author = "Jackson, G.",
    title = "{Two-loop thermal spectral functions with general kinematics}",
    eprint = "1910.07552",
    archivePrefix = "arXiv",
    primaryClass = "hep-ph",
    doi = "10.1103/PhysRevD.100.116019",
    journal = "Phys. Rev. D",
    volume = "100",
    number = "11",
    pages = "116019",
    year = "2019"
}

@article{Drude:1900,
  title={Zur elektronentheorie der metalle},
  author={Drude, Paul},
  journal={Annalen der Physik},
  volume={312},
  number={3},
  pages={687--692},
  year={1902},
  publisher={WILEY-VCH Verlag Leipzig},
doi ={10.1002/andp.19003060312}
}
@article{Aarts:2020dda,
    author = "Aarts, Gert and Nikolaev, Aleksandr",
    title = "{Electrical conductivity of the quark-gluon plasma: perspective from lattice QCD}",
    eprint = "2008.12326",
    archivePrefix = "arXiv",
    primaryClass = "hep-lat",
    doi = "10.1140/epja/s10050-021-00436-5",
    journal = "Eur. Phys. J. A",
    volume = "57",
    number = "4",
    pages = "118",
    year = "2021"
}
@article{Brandt:2012jc,
    author = "Brandt, Bastian B. and Francis, Anthony and Meyer, Harvey B. and Wittig, Hartmut",
    title = "{Thermal Correlators in the \textbackslash{}rho\textbackslash{} channel of two-flavor QCD}",
    eprint = "1212.4200",
    archivePrefix = "arXiv",
    primaryClass = "hep-lat",
    doi = "10.1007/JHEP03(2013)100",
    journal = "JHEP",
    volume = "03",
    pages = "100",
    year = "2013"
}
@article{Amato:2013naa,
    author = "Amato, Alessandro and Aarts, Gert and Allton, Chris and Giudice, Pietro and Hands, Simon and Skullerud, Jon-Ivar",
    title = "{Electrical conductivity of the quark-gluon plasma across the deconfinement transition}",
    eprint = "1307.6763",
    archivePrefix = "arXiv",
    primaryClass = "hep-lat",
    doi = "10.1103/PhysRevLett.111.172001",
    journal = "Phys. Rev. Lett.",
    volume = "111",
    number = "17",
    pages = "172001",
    year = "2013"
}
@article{Aarts:2014nba,
    author = "Aarts, Gert and Allton, Chris and Amato, Alessandro and Giudice, Pietro and Hands, Simon and Skullerud, Jon-Ivar",
    title = "{Electrical conductivity and charge diffusion in thermal QCD from the lattice}",
    eprint = "1412.6411",
    archivePrefix = "arXiv",
    primaryClass = "hep-lat",
    reportNumber = "HIP-2014-34-TH, INT-PUB-14-060, MS-TP-14-40",
    doi = "10.1007/JHEP02(2015)186",
    journal = "JHEP",
    volume = "02",
    pages = "186",
    year = "2015"
}
@article{Brandt:2015aqk,
    author = {Brandt, Bastian B. and Francis, Anthony and J\"ager, Benjamin and Meyer, Harvey B.},
    title = "{Charge transport and vector meson dissociation across the thermal phase transition in lattice QCD with two light quark flavors}",
    eprint = "1512.07249",
    archivePrefix = "arXiv",
    primaryClass = "hep-lat",
    reportNumber = "MITP-15-019",
    doi = "10.1103/PhysRevD.93.054510",
    journal = "Phys. Rev. D",
    volume = "93",
    number = "5",
    pages = "054510",
    year = "2016"
}
@article{Astrakhantsev:2019zkr,
    author = "Astrakhantsev, Nikita and Braguta, V. V. and D'Elia, Massimo and Kotov, A. Yu. and Nikolaev, A. A. and Sanfilippo, Francesco",
    title = "{Lattice study of the electromagnetic conductivity of the quark-gluon plasma in an external magnetic field}",
    eprint = "1910.08516",
    archivePrefix = "arXiv",
    primaryClass = "hep-lat",
    doi = "10.1103/PhysRevD.102.054516",
    journal = "Phys. Rev. D",
    volume = "102",
    number = "5",
    pages = "054516",
    year = "2020"
}
@article{Greif:2014oia,
    author = "Greif, Moritz and Bouras, Ioannis and Greiner, Carsten and Xu, Zhe",
    title = "{Electric conductivity of the quark-gluon plasma investigated using a perturbative QCD based parton cascade}",
    eprint = "1408.7049",
    archivePrefix = "arXiv",
    primaryClass = "nucl-th",
    doi = "10.1103/PhysRevD.90.094014",
    journal = "Phys. Rev. D",
    volume = "90",
    number = "9",
    pages = "094014",
    year = "2014"
}

@article{Kharzeev:2007jp,
    author = "Kharzeev, Dmitri E. and McLerran, Larry D. and Warringa, Harmen J.",
    title = "{The Effects of topological charge change in heavy ion collisions: 'Event by event P and CP violation'}",
    eprint = "0711.0950",
    archivePrefix = "arXiv",
    primaryClass = "hep-ph",
    doi = "10.1016/j.nuclphysa.2008.02.298",
    journal = "Nucl. Phys. A",
    volume = "803",
    pages = "227--253",
    year = "2008"
}
@article{Bass:2000ib,
    author = "Bass, S. A. and Dumitru, A.",
    title = "{Dynamics of hot bulk QCD matter: From the quark gluon plasma to hadronic freezeout}",
    eprint = "nucl-th/0001033",
    archivePrefix = "arXiv",
    doi = "10.1103/PhysRevC.61.064909",
    journal = "Phys. Rev. C",
    volume = "61",
    pages = "064909",
    year = "2000"
}
@article{Muller:2018ibh,
    author = {M\"uller, Berndt and Sch\"afer, Andreas},
    title = "{Chiral magnetic effect and an experimental bound on the late time magnetic field strength}",
    eprint = "1806.10907",
    archivePrefix = "arXiv",
    primaryClass = "hep-ph",
    doi = "10.1103/PhysRevD.98.071902",
    journal = "Phys. Rev. D",
    volume = "98",
    number = "7",
    pages = "071902",
    year = "2018"
}
@article{Letessier:1992xd,
    author = "Letessier, Jean and Tounsi, Ahmed and Heinz, Ulrich W. and Sollfrank, Josef and Rafelski, Johann",
    title = "{Evidence for a high entropy phase in nuclear collisions}",
    eprint = "hep-ph/9711349",
    archivePrefix = "arXiv",
    reportNumber = "PAR-LPTHE-92-37, TPR-92-39, AZPH-TH-92-30",
    doi = "10.1103/PhysRevLett.70.3530",
    journal = "Phys. Rev. Lett.",
    volume = "70",
    pages = "3530--3533",
    year = "1993"
}

@article{Song:2010mg,
    author = "Song, Huichao and Bass, Steffen A. and Heinz, Ulrich and Hirano, Tetsufumi and Shen, Chun",
    title = "{200 A GeV Au+Au collisions serve a nearly perfect quark-gluon liquid}",
    eprint = "1011.2783",
    archivePrefix = "arXiv",
    primaryClass = "nucl-th",
    doi = "10.1103/PhysRevLett.106.192301",
    journal = "Phys. Rev. Lett.",
    volume = "106",
    pages = "192301",
    year = "2011",
    note = "[Erratum: Phys.Rev.Lett. 109, 139904 (2012)]"
}
@article{Stewart:2021mjz,
    author = "Stewart, Evan and Tuchin, Kirill",
    title = "{Continuous evolution of electromagnetic field in heavy-ion collisions}",
    eprint = "2106.09124",
    archivePrefix = "arXiv",
    primaryClass = "nucl-th",
    doi = "10.1016/j.nuclphysa.2021.122308",
    journal = "Nucl. Phys. A",
    volume = "1016",
    pages = "122308",
    year = "2021"
}
@article{DeVries:1987atn,
    author = "De Vries, H. and De Jager, C. W. and De Vries, C.",
    title = "{Nuclear charge and magnetization density distribution parameters from elastic electron scattering}",
    doi = "10.1016/0092-640X(87)90013-1",
    journal = "Atom. Data Nucl. Data Tabl.",
    volume = "36",
    pages = "495--536",
    year = "1987"
}






@article{Becattini:2020pvq,
author = {Becattini, Francesco and Lisa, Michael A.},
title = {Polarization and Vorticity in the Quark‚ÄìGluon Plasma},
journal = {Annual Review of Nuclear and Particle Science},
volume = {70},
number = {1},
pages = {395-423},
year = {2020},
doi = {10.1146/annurev-nucl-021920-095245},
eprint = {https://doi.org/10.1146/annurev-nucl-021920-095245}
}


@article{Deng:2016vhi,
  title = {Vorticity in heavy-ion collisions},
  author = {Deng, Wei-Tian and Huang, Xu-Guang},
  journal = {Phys. Rev. C},
  volume = {93},
  issue = {6},
  pages = {064907},
  numpages = {16},
  year = {2016},
  month = {Jun},
  publisher = {American Physical Society},
  doi = {10.1103/PhysRevC.93.064907}
}

@article{Jiang:2016woz,
  title = {Rotating quark-gluon plasma in relativistic heavy-ion collisions},
  author = {Jiang, Yin and Lin, Zi-Wei and Liao, Jinfeng},
  journal = {Phys. Rev. C},
  volume = {94},
  issue = {4},
  pages = {044910},
  numpages = {9},
  year = {2016},
  month = {Oct},
  publisher = {American Physical Society},
  doi = {10.1103/PhysRevC.94.044910}
}

@article{Csernai:2013bq,
  title = {Flow vorticity in peripheral high-energy heavy-ion collisions},
  author = {Csernai, L. P. and Magas, V. K. and Wang, D. J.},
  journal = {Phys. Rev. C},
  volume = {87},
  issue = {3},
  pages = {034906},
  numpages = {9},
  year = {2013},
  month = {Mar},
  publisher = {American Physical Society},
  doi = {10.1103/PhysRevC.87.034906}
}

@article{Chernikov:1964edr,
  title={Equilibrium distribution of the relativistic gas},
  author={Chernikov, NA180286},
  journal={Acta Phys. Pol},
  volume={26},
  pages={1069--1092},
  year={1964},
    url={https://www.actaphys.uj.edu.pl/fulltext?series=T&vol=26&no=6&page=1069}
}
@phdthesis{Steinmetz:2023ucp,
author = "Steinmetz, Andrew",
title = "{Modern topics in relativistic spin dynamics and magnetism}",
eprint = "2310.07193",
archivePrefix = "arXiv",
primaryClass = "hep-ph",
school = "Arizona U.",
year = "2023",
note = "HDL:\href{https://hdl.handle.net/10150/670301}{10150/670301} \href{https://arxiv.org/abs/2310.07193}{arXiv:2310.07193} [hep-ph]"
}
@article{Rafelski:2023zgp,
    author = "Rafelski, Johann and Steinmetz, Andrew and Yang, Cheng Tao",
    title = "{Dynamic fermion flavor mixing through transition dipole moments}",
    eprint = "2309.15797",
    archivePrefix = "arXiv",
    primaryClass = "hep-ph",
    doi = "10.1142/S0217751X23501634",
    journal = "Int. J. Mod. Phys. A",
    volume = "38",
    number = "31",
    pages = "2350163",
    year = "2023"
}
@article{Ruffini:2009hg,
author = "Ruffini, R. and Vereshchagin, G. and Xue, S. S.",
title = "{Electron-positron pairs in physics and astrophysics: from heavy nuclei to black holes}",
eprint = "0910.0974",
archivePrefix = "arXiv",
primaryClass = "astro-ph.HE",
doi = "10.1016/j.physrep.2009.10.004",
journal = "Phys. Rept.",
volume = "487",
pages = "1--140",
year = "2010"
}
@article{Ruffini:2012it,
author = "Ruffini, R. and Vereshchagin, G.",
title = "{Electron-positron plasma in GRBs and in cosmology}",
eprint = "1205.3512",
archivePrefix = "arXiv",
primaryClass = "astro-ph.CO",
doi = "10.1393/ncc/i2013-11500-0",
journal = "Nuovo Cim. C",
volume = "036",
number = "s01",
pages = "255--266",
year = "2013"
}
@article{Giovannini:2022rrl,
title = {The scaling of primordial gauge fields},
journal = {Physics Letters B},
volume = {842},
pages = {137967},
year = {2023},
issn = {0370-2693},
doi = {10.1016/j.physletb.2023.137967},
author = {Giovannini, M.},
}

@article{Giovannini:2017rbc,
author = "Giovannini, M.",
title = "{Probing large-scale magnetism with the Cosmic Microwave Background}",
eprint = "1712.07598",
archivePrefix = "arXiv",
primaryClass = "astro-ph.CO",
reportNumber = "CERN-TH-2018-093",
doi = "10.1088/1361-6382/aab17d",
journal = "Class. Quant. Grav.",
volume = "35",
number = "8",
pages = "084003",
year = "2018"
}

@article{Ferrer:2019xlr,
author = "Ferrer, E. J. and Hackebill, A.",
title = "{Thermodynamics of Neutrons in a Magnetic Field and its Implications for Neutron Stars}",
eprint = "1903.08224",
archivePrefix = "arXiv",
primaryClass = "nucl-th",
doi = "10.1103/PhysRevC.99.065803",
journal = "Phys. Rev. C",
volume = "99",
number = "6",
pages = "065803",
year = "2019"
}

@article{Ferrer:2023pgq,
author = "Ferrer, E. J. and Hackebill, A.",
title = "{The Importance of the Pressure Anisotropy Induced by Strong Magnetic Fields on Neutron Star Physics}",
doi = "10.1088/1742-6596/2536/1/012007",
journal = "J. Phys. Conf. Ser.",
volume = "2536",
number = "1",
pages = "012007",
year = "2023"
}

@article{Gaensler:2004gk,
title={The origin and evolution of cosmic magnetism},
author={Gaensler, B. M. and Beck, R. and Feretti, L.},
journal={New Astronomy Reviews},
doi={10.1016/j.newar.2004.09.003},
volume={48},
number={11-12},
pages={1003--1012},
year={2004},
publisher={Elsevier}
}
@article{Evans:2022fsu,
author = "Evans, S. and Rafelski, J.",
title = "{Emergence of periodic in magnetic moment effective QED action}",
eprint = "2203.13145",
archivePrefix = "arXiv",
primaryClass = "hep-ph",
doi = "10.1016/j.physletb.2022.137190",
journal = "Phys. Lett. B",
volume = "831",
pages = "137190",
year = "2022"
}

@article{Castellani:1996cm,
title={Solar neutrinos: Beyond standard solar models},
author={Castellani, V. and Degl'Innocenti, S. and Fiorentini, G. and Lissia, M. and Ricci, B.},
journal={Physics Reports},
volume={281},
number={5-6},
pages={309--398},
year={1997},
publisher={Elsevier},
doi={10.1016/S0370-1573(96)00032-4}
}

@article{Kronberg:1993vk,
title={Extragalactic magnetic fields},
author={Kronberg, P. P.},
journal={Reports on Progress in Physics},
volume={57},
number={4},
pages={325},
year={1994},
publisher={IOP Publishing},
doi={10.1088/0034-4885/57/4/001}
}

@article{Pomakov:2022cem,
author = {{Pomakov}, V.~P. and {O'Sullivan}, S.~P. and {Br{\"u}ggen}, M. and {Vazza}, F. and {Carretti}, E. and {Heald}, G.~H. and {Horellou}, C. and {Shimwell}, T. and {Shulevski}, A. and {Vernstrom}, T.},
title = "{The redshift evolution of extragalactic magnetic fields}",
journal={Monthly Notices of the Royal Astronomical Society},
keywords = {techniques: polarimetric, galaxies: active, intergalactic medium, galaxies: magnetic fields, large-scale structure of Universe, radio continuum: galaxies},
year = 2022,
volume = {515},
number = {1},
pages = {256-270},
doi = {10.1093/mnras/stac1805}
}

@article{Vazza:2017qge,
author = {Vazza, F. and Br\"uggen, M. and Gheller, C. and Hackstein, S. and Wittor, D. and Hinz, P. M.},
title = "{Simulations of extragalactic magnetic fields and of their observables}",
eprint = "1711.02669",
archivePrefix = "arXiv",
primaryClass = "astro-ph.CO",
doi = "10.1088/1361-6382/aa8e60",
journal = "Class. Quant. Grav.",
volume = "34",
number = "23",
pages = "234001",
year = "2017"
}

@article{Pshirkov:2015tua,
author = "Pshirkov, M. S. and Tinyakov, P. G. and Urban, F. R.",
title = "{New limits on extragalactic magnetic fields from rotation measures}",
eprint = "1504.06546",
archivePrefix = "arXiv",
primaryClass = "astro-ph.CO",
doi = "10.1103/PhysRevLett.116.191302",
journal = "Phys. Rev. Lett.",
volume = "116",
number = "19",
pages = "191302",
year = "2016"
}

@article{Vernstrom:2021hru,
author = {Vernstrom, T. and Heald, G. and Vazza, F. and Galvin, T. J. and West, J. L. and Locatelli, N. and Fornengo, N. and Pinetti, E.},
title = "{Discovery of magnetic fields along stacked cosmic filaments as revealed by radio and X-ray emission}",
journal = {Monthly Notices of the Royal Astronomical Society},
volume = {505},
number = {3},
pages = {4178-4196},
year = {2021},
month = {05},
doi = {10.1093/mnras/stab1301}
}

@article{Taylor:2011bn,
title={Extragalactic magnetic fields constraints from simultaneous GeV--TeV observations of blazars},
author={Taylor, A. M. and Vovk, I. and Neronov, A.},
journal={Astronomy \& Astrophysics},
volume={529},
pages={A144},
year={2011},
publisher={EDP Sciences},
doi={10.1051/0004-6361/201116441}
}

@article{Neronov:2010gir,
title={Evidence for strong extragalactic magnetic fields from Fermi observations of TeV blazars},
author={Neronov, A. and Vovk, I.},
journal={Science},
volume={328},
number={5974},
pages={73--75},
year={2010},
publisher={AAAS},
doi={10.1126/science.1184192}
}

@article{AlvesBatista:2021sln,
author = {Batista, R. A. and Saveliev, A.},
title = {The Gamma-ray Window to Intergalactic Magnetism},
journal = {Universe},
volume = {7},
year = {2021},
number = {7},
article-number = {223},
issn = {2218-1997},
doi={10.3390/universe7070223}
}

@article{Durrer:2013pga,
title={Cosmological magnetic fields: their generation, evolution and observation},
author={Durrer, R. and Neronov, A.},
journal={The Astronomy and Astrophysics Review},
volume={21},
pages={1--109},
year={2013},
publisher={Springer},
doi={10.1007/s00159-013-0062-7}
}

@article{Jedamzik:2018itu,
title={Stringent limit on primordial magnetic fields from the cosmic microwave background radiation},
author={Jedamzik, K. and Saveliev, A.},
journal={Physical review letters},
volume={123},
number={2},
pages={021301},
year={2019},
publisher={APS},
doi={10.1103/PhysRevLett.123.021301}
}

@article{Jedamzik:2020krr,
title={Relieving the Hubble tension with primordial magnetic fields},
author={Jedamzik, K. and Pogosian, L.},
journal={Physical Review Letters},
volume={125},
number={18},
pages={181302},
year={2020},
publisher={APS},
doi={10.1103/PhysRevLett.125.181302}
}

@article{Jedamzik:2013gua,
author = "Jedamzik, K. and Abel, T.",
title = "{Small-scale primordial magnetic fields and anisotropies in the cosmic microwave background radiation}",
doi = "10.1088/1475-7516/2013/10/050",
journal = "JCAP",
volume = "10",
pages = "050",
year = "2013"
}

@article{Gopal:2004ut,
author = "Gopal, R. and Sethi, S.",
title = "{Generation of magnetic field in the pre-recombination era}",
eprint = "astro-ph/0411170",
archivePrefix = "arXiv",
doi = "10.1111/j.1365-2966.2005.09442.x",
journal = "Mon. Not. Roy. Astron. Soc.",
volume = "363",
pages = "521--528",
year = "2005"
} 

@article{Elze:1980er,
author = "Elze, H. T. and Greiner, W. and Rafelski, J.",
title = "{The relativistic Fermi gas revisited}",
doi = "10.1088/0305-4616/6/9/003",
journal = "J. Phys. G",
volume = "6",
pages = "L149--L153",
year = "1980"
}

@article{Canetti:2012zc,
author = "Canetti, L. and Drewes, M. and Shaposhnikov, M.",
title = "{Matter and Antimatter in the Universe}",
eprint = "1204.4186",
archivePrefix = "arXiv",
primaryClass = "hep-ph",
reportNumber = "TTK-12-04",
doi = "10.1088/1367-2630/14/9/095012",
journal = "New J. Phys.",
volume = "14",
pages = "095012",
year = "2012"
}

@article{Steinmetz:2023nsc,
author = "Steinmetz, Andrew and Yang, Cheng Tao and Rafelski, Johann",
title = "{Matter-antimatter origin of cosmic magnetism}",
eprint = "2308.14818",
archivePrefix = "arXiv",
primaryClass = "hep-ph",
doi = "10.1103/PhysRevD.108.123522",
journal = "Phys. Rev. D",
volume = "108",
number = "12",
pages = "123522",
year = "2023"
}

@article{Rafelski:2023emw,
author = "Rafelski, J. and Birrell, J. and Steinmetz, A. and Yang, C. T.",
title = "{A Short Survey of Matter-Antimatter Evolution in the Primordial Universe}",
archivePrefix = "arXiv",
eprint = "2305.09055",
primaryClass = "hep-th",
doi = "10.3390/universe9070309",
journal = "Universe",
volume = "9",
number = "7",
pages = "309",
year = "2023"
}

@article{Tiesinga:2021myr,
author = "Tiesinga, E. and Mohr, P. J. and Newell, D. B. and Taylor, B. N.",
title = "{CODATA recommended values of the fundamental physical constants: 2018}",
doi = "10.1103/RevModPhys.93.025010",
journal = "Rev. Mod. Phys.",
volume = "93",
number = "2",
pages = "025010",
year = "2021"
}

@article{Planck:2018vyg,
author = "Aghanim, N. and others",
collaboration = "Planck",
title = "{Planck 2018 results. VI. Cosmological parameters}",
archivePrefix = "arXiv",
eprint = "1807.06209",
primaryClass = "astro-ph.CO",
doi = "10.1051/0004-6361/201833910",
journal = "Astron. Astrophys.",
volume = "641",
pages = "A6",
year = "2020",
note = "[Erratum: Astron.Astrophys. 652, C4 (2021)]"
}

@article{Rafelski:2022bsv,
author = "Rafelski, Johann and Evans, Stefan and Labun, Lance",
title = "{Study of QED singular properties for variable gyromagnetic ratio $g\simeq 2$}",
eprint = "2212.13165",
archivePrefix = "arXiv",
primaryClass = "hep-th",
doi = "10.1103/PhysRevD.107.076002",
journal = "Phys. Rev. D",
volume = "107",
year = "2023"
}

@article{ParticleDataGroup:2022pth,
author = "Workman, R. L. and others",
collaboration = "Particle Data Group",
title = "{Review of Particle Physics}",
doi = "10.1093/ptep/ptac097",
journal = "PTEP",
volume = "2022",
pages = "083C01",
year = "2022"
}
@article{Steinmetz:2018ryf,
author = "Steinmetz, A. and Formanek, M. and Rafelski, J.",
title = "{Magnetic Dipole Moment in Relativistic Quantum Mechanics}",
eprint = "1811.06233",
archivePrefix = "arXiv",
primaryClass = "hep-ph",
doi = "10.1140/epja/i2019-12715-5",
journal = "Eur. Phys. J. A",
volume = "55",
number = "3",
pages = "40",
year = "2019"
}

@article{Davis:2003ad,
author = "Davis, T. M. and Lineweaver, C. H.",
title = "{Expanding confusion: common misconceptions of cosmological horizons and the superluminal expansion of the universe}",
eprint = "astro-ph/0310808",
archivePrefix = "arXiv",
doi = "10.1071/AS03040",
journal = "Publ. Astron. Soc. Austral.",
volume = "21",
pages = "97",
year = "2004"
}

@article{Vachaspati:2020blt,
author = "Vachaspati, T.",
title = "{Progress on cosmological magnetic fields}",
eprint = "2010.10525",
archivePrefix = "arXiv",
primaryClass = "astro-ph.CO",
doi = "10.1088/1361-6633/ac03a9",
journal = "Rept. Prog. Phys.",
volume = "84",
number = "7",
pages = "074901",
year = "2021"
}

@article{Bali:2011qj,
author = "Bali, G. S. and Bruckmann, F. and Endrodi, G. and Fodor, Z. and Katz, S. D. and Krieg, S. and Schafer, A. and Szabo, K. K.",
title = "{The QCD phase diagram for external magnetic fields}",
eprint = "1111.4956",
archivePrefix = "arXiv",
primaryClass = "hep-lat",
doi = "10.1007/JHEP02(2012)044",
journal = "JHEP",
volume = "02",
pages = "044",
year = "2012"
}

@article{Fromerth:2012fe,
author = "Fromerth, M. J. and Kuznetsova, I. and Labun, L. and Letessier, J. and Rafelski, J.",
editor = "Praszalowicz, M.",
title = "{From Quark-Gluon Universe to Neutrino Decoupling: 200 \ensuremath{<} T \ensuremath{<} 2MeV}",
eprint = "1211.4297",
archivePrefix = "arXiv",
primaryClass = "nucl-th",
doi = "10.5506/APhysPolB.43.2261",
journal = "Acta Phys. Polon. B",
volume = "43",
number = "12",
pages = "2261--2284",
year = "2012"
}

@article{Perrone:2021srr,
author = "Perrone, L. M. and Gregori, G. and Reville, B. and Silva, L. O. and Bingham, R.",
title = "{Neutrino-electron magnetohydrodynamics in an expanding universe}",
eprint = "2106.14892",
archivePrefix = "arXiv",
primaryClass = "astro-ph.CO",
doi = "10.1103/PhysRevD.104.123013",
journal = "Phys. Rev. D",
volume = "104",
number = "12",
pages = "123013",
year = "2021"
}

@book{Letessier:2002ony,
place={Cambridge},
series={Cambridge Monographs on Particle Physics, Nuclear Physics and Cosmology},
title={Hadrons and Quark‚ÄìGluon Plasma},
doi={10.1017/9781009290753},
publisher={Cambridge University Press},
author={Letessier, J. and Rafelski, J.},
year={2023},
collection={Cambridge Monographs on Particle Physics, Nuclear Physics and Cosmology},
note={\emph{Open access.} [orig. pub. 2002]}
}

@article{Giovannini:2003yn,
author = "Giovannini, M.",
title = "{The Magnetized universe}",
eprint = "astro-ph/0312614",
archivePrefix = "arXiv",
reportNumber = "CERN-TH-2003-307",
doi = "10.1142/S0218271804004530",
journal = "Int. J. Mod. Phys. D",
volume = "13",
pages = "391--502",
year = "2004"
}

@article{Abdalla:2022yfr,
title={Cosmology intertwined: A review of the particle physics, astrophysics, and cosmology associated with the cosmological tensions and anomalies},
author={Abdalla, E. and Abell{\'a}n, G. F. and Aboubrahim, A. and Agnello, A. and Akarsu, {\"O}. and Akrami, Y. and Alestas, G. and Aloni, D. and Amendola, L. and Anchordoqui, L. A. and others},
doi={10.1016/j.jheap.2022.04.002},
journal={Journal of High Energy Astrophysics},
volume={34},
pages={49--211},
year={2022},
publisher={Elsevier}
}

@article{Yan:2022sxd,
author = "Yan, H. and Ma, Z. and Ling, C. and Cheng, C. and Huang, J.",
title = "{First Batch of z \ensuremath{\approx} 11\textendash{}20 Candidate Objects Revealed by the James Webb Space Telescope Early Release Observations on SMACS 0723-73}",
eprint = "2207.11558",
archivePrefix = "arXiv",
primaryClass = "astro-ph.GA",
doi = "10.3847/2041-8213/aca80c",
journal = "Astrophys. J. Lett.",
volume = "942",
number = "1",
pages = "L9",
year = "2023"
}

@article{arrabal2023spectroscopic,
title={Confirmation and refutation of very luminous galaxies in the early universe},
author={Haro, P. A. and Dickinson, M. and Finkelstein, S. L. and others},
journal={Nature},
preprint="2303.15431",
doi="10.1038/s41586-023-06521-7",
year={2023}
}

@article{adams2023discovery,
title={Discovery and properties of ultra-high redshift galaxies (9< z< 12) in the JWST ERO SMACS 0723 Field},
author={Adams, N. J. and Conselice, C. J. and Ferreira, L. and others},
journal={Monthly Notices of the Royal Astronomical Society},
doi="10.1093/mnras/stac3347",
volume={518},
number={3},
pages={4755--4766},
year={2023},
}

@article{CEERSTeam:2023qgy,
    author = "Larson, Rebecca L. and others",
    collaboration = "CEERS Team",
    title = "{A \uppercase{CEERS} Discovery of an Accreting Supermassive Black Hole 570 Myr after the Big Bang: Identifying a Progenitor of Massive z \ensuremath{>} 6 Quasars}",
    eprint = "2303.08918",
    archivePrefix = "arXiv",
    primaryClass = "astro-ph.GA",
    doi = "10.3847/2041-8213/ace619",
    journal = "Astrophys. J. Lett.",
    volume = "953",
    number = "2",
    pages = "L29",
    year = "2023"
}

@article{Grayson:2023flr,
author = "Grayson, C. and Yang, C. T. and Formanek, M. and Rafelski, J.",
title = "{Electron\textendash{}positron plasma in BBN: Damped-dynamic screening}",
eprint = "2307.11264",
archivePrefix = "arXiv",
primaryClass = "astro-ph.CO",
doi = "10.1016/j.aop.2023.169453",
journal = "Annals Phys.",
volume = "458",
pages = "169453",
year = "2023"
}

@article{Formanek:2021blc,
author = {Formanek, Martin and Grayson, Christopher and Rafelski, Johann and M\"uller, Berndt},
title = "{Current-conserving relativistic linear response for collisional plasmas}",
eprint = "2105.07897",
archivePrefix = "arXiv",
primaryClass = "physics.plasm-ph",
doi = "10.1016/j.aop.2021.168605",
journal = "Annals Phys.",
volume = "434",
pages = "168605",
year = "2021"
}

@book{melrose2008quantum,
title={Quantum plasmadynamics: Magnetized plasmas},
author={Melrose, D.},
year={2013},
publisher={Springer},
doi={10.1007/978-1-4614-4045-1}
} 

@incollection{abramowitz1988handbook,
booktitle={Handbook of mathematical functions with formulas, graphs, and mathematical tables},
editor={Abramowitz, M. and Stegun, I. A.},
year={1972},
publisher={National Bureau of Standards},
address={Washington D.C.},
author ="{Haynsworth, E.V and Goldberg, K.}",
chapter ={23.1},
title = "Bernoulli and Euler Polynomials; Riemann Zeta Function"
}

@book{greiner2012thermodynamics,
title={Thermodynamics and statistical mechanics},
author={Greiner, W. and Neise, L. and St{\"o}cker, H.},
year={2012},
publisher={Springer Science \& Business Media},
doi={10.1007/978-1-4612-0827-3},
note={[orig. pub. 1995]}
}

@book{greiner2008quantum,
title={Quantum electrodynamics},
author={Greiner, Walter and Reinhardt, Joachim},
year={2008},
doi="10.1007/978-3-540-87561-1",
publisher={Springer Science \& Business Media}
}
%%%%RAFELSKIREFS INTRO AND EXTRA CHAPTER %%%
@article{Goldhaber:1978qp,
author = "Goldhaber, Alfred S.",
title = "{Large Baryon Densities Attainable in High-energy Nuclear Collisions}",
reportNumber = "Print-78-0771 (SUSSEX)",
doi = "10.1038/275114a0",
journal = "Nature",
volume = "275",
pages = "114--115",
year = "1978"
}
@book{Rafelski:2016hnq,
editor = "Rafelski, Johann",
title = "{Melting Hadrons, Boiling Quarks - From Hagedorn Temperature to Ultra-Relativistic Heavy-Ion Collisions at CERN}: {With a Tribute to Rolf Hagedorn}",
doi = "10.1007/978-3-319-17545-4",
isbn = "978-3-319-17544-7, 978-3-319-17545-4",
publisher = "Springer",
year = "2016"
}
@article{Huang:1970iq,
author = "Huang, K. and Weinberg, S.",
title = "{Ultimate temperature and the early universe}",
doi = "10.1103/PhysRevLett.25.895",
journal = "Phys. Rev. Lett.",
volume = "25",
pages = "895--897",
year = "1970"
}
@article{Chin:1978gj,
author = "Chin, S. A.",
title = "{Transition to Hot Quark Matter in Relativistic Heavy Ion Collision}",
doi = "10.1016/0370-2693(78)90637-8",
journal = "Phys. Lett. B",
volume = "78",
pages = "552--555",
year = "1978"
}
@article{Rafelski:2015cxa,
author = "Rafelski, Johann",
title = "{Melting Hadrons, Boiling Quarks}",
eprint = "1508.03260",
archivePrefix = "arXiv",
primaryClass = "nucl-th",
reportNumber = "CERN-PH-TH-2015-194",
doi = "10.1140/epja/i2015-15114-0",
journal = "Eur. Phys. J. A",
volume = "51",
number = "9",
pages = "114",
year = "2015"
}
@article{Harris:2024aov,
author = {Harris, John W. and M\"uller, Berndt},
title = "{\textquotedblleft{}QGP Signatures\textquotedblright{} revisited}",
doi = "10.1140/epjc/s10052-024-12533-y",
journal = "Eur. Phys. J. C",
volume = "84",
number = "3",
pages = "247",
year = "2024"
}
@article{Weinberg:1974hy,
author = "Weinberg, S.",
title = "{Gauge and Global Symmetries at High Temperature}",
reportNumber = "PRINT-74-0689 (HARVARD)",
doi = "10.1103/PhysRevD.9.3357",
journal = "Phys. Rev. D",
volume = "9",
pages = "3357--3378",
year = "1974"
}
@article{Harrington:1974fc,
author = "Harrington, Barry J. and Yildiz, Asim",
title = "{High Density Phase Transitions in Gauge Theories}",
reportNumber = "Print-74-1221 (HARVARD)",
doi = "10.1103/PhysRevLett.33.324",
journal = "Phys. Rev. Lett.",
volume = "33",
pages = "324",
year = "1974"
}
@article{DiValentino:2021izs,
author = "Di Valentino, Eleonora and Mena, Olga and Pan, Supriya and Visinelli, Luca and Yang, Weiqiang and Melchiorri, Alessandro and Mota, David F. and Riess, Adam G. and Silk, Joseph",
title = "{In the realm of the Hubble tension\textemdash{}a review of solutions}",
eprint = "2103.01183",
archivePrefix = "arXiv",
primaryClass = "astro-ph.CO",
reportNumber = "IPPP/20/108",
doi = "10.1088/1361-6382/ac086d",
journal = "Class. Quant. Grav.",
volume = "38",
number = "15",
pages = "153001",
year = "2021"
}
@book{DiValentino:2024spr,
editor="{Eleonora Di Valentino and Dillon Brout}",
title="The Hubble Constant Tension",
year="2024",
publisher="Springer-Nature",
series="Springer Series in Astrophysics and Cosmology",
address = "Singapore",
isbn="978-981-99-0176-0",
doi="10.1007/978-981-99-0177-7"
}

@article{Rafelski:2016cho,
    author = "Rafelski, Johann and Birrell, Jeremiah",
    editor = "Bravina, Larisa and Foka, Yiota and Kabana, Sonja",
    title = "{The hot Hagedorn Universe}",
    eprint = "1604.08689",
    archivePrefix = "arXiv",
    primaryClass = "hep-ph",
    doi = "10.1051/epjconf/201612603005",
    journal = "EPJ Web Conf.",
    volume = "126",
    pages = "03005",
    year = "2016"
}


@article{Rafelski:2013qeu,
    author = "Rafelski, Johann",
    editor = "Battiston, Roberto and Bertolucci, Sergio",
    title = "{Connecting QGP-Heavy Ion Physics to the Early Universe}",
    eprint = "1306.2471",
    archivePrefix = "arXiv",
    primaryClass = "astro-ph.CO",
    doi = "10.1016/j.nuclphysbps.2013.09.017",
    journal = "Nucl. Phys. B Proc. Suppl.",
    volume = "243-244",
    pages = "155--162",
    year = "2013"
}


@article{Grayson:2024uwg,
    author = "Grayson, Christopher and Yang, Cheng Tao and Formanek, Martin and Rafelski, Johann",
    title = "{Self-consistent strong screening applied to thermonuclear reactions}",
    eprint = "2406.13055",
    archivePrefix = "arXiv",
    primaryClass = "nucl-th",
    month = "6",
    year = "2024",
    journal="ApJ, under review"
}

@book{Perkins:1982xb,
    author = "Perkins, D. H.",
    title = "{Introduction to high energy physics}",
    isbn = "0-521-62196-8",
    year = "1982, 2000",
    publisher="Cambridge University Press",
    address="Cambridge, UK"
}

@article{Rafelski:2000by,
    author = "Rafelski, Johann and Letessier, Jean",
    title = "{Sudden hadronization in relativistic nuclear collisions}",
    eprint = "hep-ph/0006200",
    archivePrefix = "arXiv",
    doi = "10.1103/PhysRevLett.85.4695",
    journal = "Phys. Rev. Lett.",
    volume = "85",
    pages = "4695--4698",
    year = "2000"
}

@article{Letessier:1993qa,
    author = "Letessier, Jean and Rafelski, Johann and Tounsi, Ahmed",
    title = "{Gluon production, cooling and entropy in nuclear collisions}",
    eprint = "hep-ph/9711346",
    archivePrefix = "arXiv",
    reportNumber = "PAR-LPTHE-93-51",
    doi = "10.1103/PhysRevC.50.406",
    journal = "Phys. Rev. C",
    volume = "50",
    pages = "406--409",
    year = "1994"
}

@article{Melia:2022itm,
    author = "Melia, Fulvio",
    title = "{A Candid Assessment of Standard Cosmology}",
    doi = "10.1088/1538-3873/aca51f",
    journal = "Publ. Astron. Soc. Pac.",
    volume = "134",
    number = "1042",
    pages = "121001",
    year = "2022"
}
@article{Melia:2024rzy,
    author = "Melia, Fulvio",
    title = "{Strong observational support for the Rh=ct timeline in the early universe}",
    eprint = "2407.15279",
    archivePrefix = "arXiv",
    primaryClass = "astro-ph.CO",
    doi = "10.1016/j.dark.2024.101587",
    journal = "Phys. Dark Univ.",
    volume = "46",
    pages = "101587",
    year = "2024"
}

@Inbook{Gutbrod1993,
author="Gutbrod, Hans H.
and Rafelski, Johann",
bookeditor="Gutbrod, Hans H.
and Rafelski, Johann",
title="Big Bang in the Laboratory",
bookTitle="Particle Production in Highly Excited Matter",
year="1993",
publisher="Springer US",
address="Boston, MA",
pages="1--9",
isbn="978-1-4615-2940-8",
doi="10.1007/978-1-4615-2940-8_1"
}

@article{Birrell:2024bdb,
    author = "Birrell, Jeremiah and Formanek, Martin and Steinmetz, Andrew and Yang, Cheng Tao and Rafelski, Johann",
    title = "{Fermi-Dirac Integrals in Degenerate Regimes: Novel Asymptotic Expansion}",
    eprint = "2405.05287",
    archivePrefix = "arXiv",
    primaryClass = "cond-mat.quant-gas",
    doi = "10.1007/s10773-024-05695-8",
    journal = "Int. J. Theor. Phys.",
    volume = "63",
    number = "7",
    pages = "163",
    year = "2024"
}
@phdthesis{Yang:2024ret,
    author = "Yang, C. T.",
    title = "{Elementary Particles and Plasma in the First Hour of the Early Universe}",
    eprint = "2401.09653",
    school = "Arizona U.",
    archivePrefix = "arXiv",
    primaryClass = "hep-ph",
    month = "1",
    year = "2024",
    note = "HDL:\href{https://hdl.handle.net/10150/670280}{10150/670280} \href{https://arxiv.org/abs/2401.09653}{arXiv:2401.09653} [hep-ph]"
}

@article{Pattie:2017vsj,
    author = "Pattie, Jr., R. W. and others",
    title = "{Measurement of the neutron lifetime using a magneto-gravitational trap and in situ detection}",
    eprint = "1707.01817",
    archivePrefix = "arXiv",
    primaryClass = "nucl-ex",
    doi = "10.1126/science.aan8895",
    journal = "Science",
    volume = "360",
    number = "6389",
    pages = "627--632",
    year = "2018"
}

@article{Wilkinson:1982hu,
    author = "Wilkinson, Denys H.",
    title = "{Analysis of neutron beta decay}",
    doi = "10.1016/0375-9474(82)90051-3",
    journal = "Nucl. Phys. A",
    volume = "377",
    pages = "474--504",
    year = "1982"
}

@article{Czarnecki:2004cw,
    author = "Czarnecki, Andrzej and Marciano, William J. and Sirlin, Alberto",
    title = "{Precision measurements and CKM unitarity}",
    eprint = "hep-ph/0406324",
    archivePrefix = "arXiv",
    reportNumber = "ALBERTA-THY-12-04, BNL-HET-04-7, NYU-TH-04-06-25",
    doi = "10.1103/PhysRevD.70.093006",
    journal = "Phys. Rev. D",
    volume = "70",
    pages = "093006",
    year = "2004"
}

@article{Marciano:2014ria,
    author = "Marciano, William J.",
    editor = "Theroine, Camille and Pignol, Guillaume and Soldner, Torsten",
    title = "{Fundamental Neutron Physics}",
    doi = "10.1016/j.phpro.2013.12.006",
    journal = "Phys. Procedia",
    volume = "51",
    pages = "19--24",
    year = "2014"
}

@article{Marciano:2005ec,
    author = "Marciano, William J. and Sirlin, Alberto",
    title = "{Improved calculation of electroweak radiative corrections and the value of V(ud)}",
    eprint = "hep-ph/0510099",
    archivePrefix = "arXiv",
    doi = "10.1103/PhysRevLett.96.032002",
    journal = "Phys. Rev. Lett.",
    volume = "96",
    pages = "032002",
    year = "2006"
}

@article{Czarnecki:2018okw,
    author = "Czarnecki, Andrzej and Marciano, William J. and Sirlin, Alberto",
    title = "{Neutron Lifetime and Axial Coupling Connection}",
    eprint = "1802.01804",
    archivePrefix = "arXiv",
    primaryClass = "hep-ph",
    reportNumber = "ALBERTA-THY-1-18",
    doi = "10.1103/PhysRevLett.120.202002",
    journal = "Phys. Rev. Lett.",
    volume = "120",
    number = "20",
    pages = "202002",
    year = "2018"
}

@ARTICLE{PhysRevD.38.32,
  title = {Apparent observation of abnormally large coherent scattering cross sections using keV and MeV range antineutrinos, and solar neutrinos},
  author = {Weber, J.},
  journal = {Phys. Rev. D},
  volume = {38},
  issue = {1},
  pages = {32--39},
  numpages = {0},
  year = {1988},
  month = {Jul},
  publisher = {American Physical Society},
  doi = {10.1103/PhysRevD.38.32}
}



@article{Papavassiliou:2005cs,
    author = "Papavassiliou, Joannis and Bernabeu, Jose and Passera, Massimo",
    editor = "Barreira, Gaspar",
    title = "{Neutrino-nuclear coherent scattering and the effective neutrino charge radius}",
    eprint = "hep-ph/0512029",
    archivePrefix = "arXiv",
    reportNumber = "FTUV-05-1202",
    doi = "10.22323/1.021.0192",
    journal = "PoS",
    volume = "HEP2005",
    pages = "192",
    year = "2006"
}

@book{Giunti:2007ry,
    author = "Giunti, Carlo and Kim, Chung W.",
    title = "{Fundamentals of Neutrino Physics and Astrophysics}",
  publisher = {Oxford University Press},
    isbn = "978-0-19-850871-7",
    year = "2007"
}

@article{Freedman:1977xn,
    author = "Freedman, Daniel Z. and Schramm, David N. and Tubbs, David L.",
    title = "{The Weak Neutral Current and Its Effects in Stellar Collapse}",
    reportNumber = "EFI-77-19-CHICAGO",
    doi = "10.1146/annurev.ns.27.120177.001123",
    journal = "Ann. Rev. Nucl. Part. Sci.",
    volume = "27",
    pages = "167--207",
    year = "1977"
}

@article{Nicolescu:2013rxa,
author = {Nicolescu, G},
year = {2013},
month = {03},
pages = {055201},
title = {A heuristic approach to the detection of solar neutrinos},
volume = {40},
journal = {Journal of Physics G: Nuclear and Particle Physics},
doi = {10.1088/0954-3899/40/5/055201}
}

@article{Smith:1984gym,
    author = "Smith, P. F.",
    title = "{Coherent neutrino scattering - relativisitc and nonrelativistic}",
    doi = "10.1007/BF02902601",
    journal = "Nuovo Cim. A",
    volume = "83",
    pages = "263--274",
    year = "1984"
}

@article{Sehgal:1986gn,
    author = "Sehgal, L. M. and Wanninger, M.",
    title = "{Atomic Effects in Coherent Neutrino Scattering}",
    reportNumber = "PITHA 86/1",
    doi = "10.1016/0370-2693(86)91008-7",
    journal = "Phys. Lett. B",
    volume = "171",
    pages = "107--112",
    year = "1986"
}

@book{Griffiths:2008zz,
    author = "Griffiths, David",
    title = "{Introduction to elementary particles}",
    isbn = "978-3-527-40601-2",
    publisher      = {Wiley},
    year = "2008"
}


@article{Wolfenstein:1977ue,
    author = "Wolfenstein, L.",
    title = "{Neutrino Oscillations in Matter}",
    reportNumber = "COO-3066-102",
    doi = "10.1103/PhysRevD.17.2369",
    journal = "Phys. Rev. D",
    volume = "17",
    pages = "2369--2374",
    year = "1978"
}


@article{Birrell:2012gg,
    author = "Birrell, Jeremiah and Yang, Cheng-Tao and Chen, Pisin and Rafelski, Johann",
    title = "{Relic neutrinos: Physically consistent treatment of effective number of neutrinos and neutrino mass}",
    eprint = "1212.6943",
    archivePrefix = "arXiv",
    primaryClass = "astro-ph.CO",
    doi = "10.1103/PhysRevD.89.023008",
    journal = "Phys. Rev. D",
    volume = "89",
    pages = "023008",
    year = "2014"
}

@book{Kolb:1990vq,
    author = "Kolb, Edward W. and Turner, Michael S.",
    title = "{The Early Universe}",
    reportNumber = "FERMILAB-BOOK-1990-01",
    doi = "10.1201/9780429492860",
    isbn = "978-0-429-49286-0, 978-0-201-62674-2",
    publisher = "Taylor and Francis",
    volume = "69",
    month = "5",
    year = "2019"
}

@article{Mangano:2005cc,
    author = "Mangano, Gianpiero and Miele, Gennaro and Pastor, Sergio and Pinto, Teguayco and Pisanti, Ofelia and Serpico, Pasquale D.",
    title = "{Relic neutrino decoupling including flavor oscillations}",
    eprint = "hep-ph/0506164",
    archivePrefix = "arXiv",
    reportNumber = "DSF-16-2005, IFIC-05-17, MPP-2005-36",
    doi = "10.1016/j.nuclphysb.2005.09.041",
    journal = "Nucl. Phys. B",
    volume = "729",
    pages = "221--234",
    year = "2005"
}

@article{Birrell:2014gea,
    author = "Birrell, Jeremiah and Wilkening, Jon and Rafelski, Johann",
    title = "{Boltzmann Equation Solver Adapted to Emergent Chemical Non-equilibrium}",
    eprint = "1403.2019",
    archivePrefix = "arXiv",
    primaryClass = "math.NA",
    doi = "10.1016/j.jcp.2014.10.056",
    journal = "J. Comput. Phys.",
    volume = "281",
    pages = "896--916",
    year = "2015"
}

@article{Dreiner:2011fp,
    author = "Dreiner, Herbi K. and Hanussek, Marja and Kim, Jong Soo and Sarkar, Subir",
    title = "{Gravitino cosmology with a very light neutralino}",
    eprint = "1111.5715",
    archivePrefix = "arXiv",
    primaryClass = "hep-ph",
    reportNumber = "DO-TH-10-23, ADP-11-36-T758",
    doi = "10.1103/PhysRevD.85.065027",
    journal = "Phys. Rev. D",
    volume = "85",
    pages = "065027",
    year = "2012"
}

@article{Boehm:2012gr,
    author = "Boehm, Celine and Dolan, Matthew J. and McCabe, Christopher",
    title = "{Increasing Neff with particles in thermal equilibrium with neutrinos}",
    eprint = "1207.0497",
    archivePrefix = "arXiv",
    primaryClass = "astro-ph.CO",
    reportNumber = "IPPP-12-44, DCPT-12-88",
    doi = "10.1088/1475-7516/2012/12/027",
    journal = "JCAP",
    volume = "12",
    pages = "027",
    year = "2012"
}

@article{Blennow:2012de,
    author = "Blennow, Mattias and Fernandez-Martinez, Enrique and Mena, Olga and Redondo, Javier and Serra, Paolo",
    title = "{Asymmetric Dark Matter and Dark Radiation}",
    eprint = "1203.5803",
    archivePrefix = "arXiv",
    primaryClass = "hep-ph",
    reportNumber = "CERN-PH-TH-2012-070, MPP-2012-56",
    doi = "10.1088/1475-7516/2012/07/022",
    journal = "JCAP",
    volume = "07",
    pages = "022",
    year = "2012"
}

@article{Planck:2013pxb,
    author = "Ade, P. A. R. and others",
    collaboration = "Planck",
    title = "{Planck 2013 results. XVI. Cosmological parameters}",
    eprint = "1303.5076",
    archivePrefix = "arXiv",
    primaryClass = "astro-ph.CO",
    reportNumber = "CERN-PH-TH-2013-129",
    doi = "10.1051/0004-6361/201321591",
    journal = "Astron. Astrophys.",
    volume = "571",
    pages = "A16",
    year = "2014"
}

@article{Planck:2015fie,
    author = "Ade, P. A. R. and others",
    collaboration = "Planck",
    title = "{Planck 2015 results. XIII. Cosmological parameters}",
    eprint = "1502.01589",
    archivePrefix = "arXiv",
    primaryClass = "astro-ph.CO",
    doi = "10.1051/0004-6361/201525830",
    journal = "Astron. Astrophys.",
    volume = "594",
    pages = "A13",
    year = "2016"
}

@article{riess2018new,
  title={New parallaxes of galactic cepheids from spatially scanning the hubble space telescope: Implications for the hubble constant},
  author={Riess, Adam G and Casertano, Stefano and Yuan, Wenlong and Macri, Lucas and Anderson, Jay and MacKenty, John W and Bowers, J Bradley and Clubb, Kelsey I and Filippenko, Alexei V and Jones, David O and others},
  journal={The Astrophysical Journal},
  volume={855},
  doi = "10.3847/1538-4357/aaadb7",
  number={2},
  pages={136},
  year={2018},
  publisher={IOP Publishing}
}

@article{Riess:2018byc,
    author = "Riess, Adam G. and others",
    title = "{Milky Way Cepheid Standards for Measuring Cosmic Distances and Application to Gaia DR2: Implications for the Hubble Constant}",
    eprint = "1804.10655",
    archivePrefix = "arXiv",
    primaryClass = "astro-ph.CO",
    doi = "10.3847/1538-4357/aac82e",
    journal = "Astrophys. J.",
    volume = "861",
    number = "2",
    pages = "126",
    year = "2018"
}

@article{Yang:2018oqg,
    author = "Yang, C. T. and Birrell, J. and Rafelski, J.",
    title = "{Lepton Number and Expansion of the Universe}",
    eprint = "1812.05157",
    archivePrefix = "arXiv",
    primaryClass = "hep-ph",
    journal = "arXiv preprint",
    month = "12",
    year = "2018"
}

@article{ParticleDataGroup:2016lqr,
    author = "Patrignani, C. and others",
    collaboration = "Particle Data Group",
    title = "{Review of Particle Physics}",
    doi = "10.1088/1674-1137/40/10/100001",
    journal = "Chin. Phys. C",
    volume = "40",
    number = "10",
    pages = "100001",
    year = "2016"
}

@article{King:2013eh,
    author = "King, Stephen F. and Luhn, Christoph",
    title = "{Neutrino Mass and Mixing with Discrete Symmetry}",
    eprint = "1301.1340",
    archivePrefix = "arXiv",
    primaryClass = "hep-ph",
    reportNumber = "IPPP-12-100, DCPT-12-200",
    doi = "10.1088/0034-4885/76/5/056201",
    journal = "Rept. Prog. Phys.",
    volume = "76",
    pages = "056201",
    year = "2013"
}

@article{FernandezMartinez:2016lgt,
    author = "Fernandez-Martinez, Enrique and Hernandez-Garcia, Josu and Lopez-Pavon, Jacobo",
    title = "{Global constraints on heavy neutrino mixing}",
    eprint = "1605.08774",
    archivePrefix = "arXiv",
    primaryClass = "hep-ph",
    doi = "10.1007/JHEP08(2016)033",
    journal = "JHEP",
    volume = "08",
    pages = "033",
    year = "2016"
}

@article{Kuznetsova:2008jt,
    author = "Kuznetsova, Inga and Habs, Dietrich and Rafelski, Johann",
    title = "{Pion and muon production in e-, e+, gamma plasma}",
    eprint = "0803.1588",
    archivePrefix = "arXiv",
    primaryClass = "hep-ph",
    doi = "10.1103/PhysRevD.78.014027",
    journal = "Phys. Rev. D",
    volume = "78",
    pages = "014027",
    year = "2008"
}

@article{Dicus:1982bz,
    author = "Dicus, Duane A. and Kolb, Edward W. and Gleeson, A. M. and Sudarshan, E. C. G. and Teplitz, Vigdor L. and Turner, Michael S.",
    title = "{Primordial Nucleosynthesis Including Radiative, Coulomb, and Finite Temperature Corrections to Weak Rates}",
    reportNumber = "LA-UR-82-1553, EFI-82-25-CHICAGO, DOE-ER-03992-494",
    doi = "10.1103/PhysRevD.26.2694",
    journal = "Phys. Rev. D",
    volume = "26",
    pages = "2694",
    year = "1982"
}

@article{Fornengo:1997wa,
    author = "Fornengo, N. and Kim, C. W. and Song, J.",
    title = "{Finite temperature effects on the neutrino decoupling in the early universe}",
    eprint = "hep-ph/9702324",
    archivePrefix = "arXiv",
    reportNumber = "JHU-TIPAC-97003, DFTT-15-97, KIAS-P-97002",
    doi = "10.1103/PhysRevD.56.5123",
    journal = "Phys. Rev. D",
    volume = "56",
    pages = "5123--5134",
    year = "1997"
}

@article{Mangano:2001iu,
    author = "Mangano, G. and Miele, G. and Pastor, S. and Peloso, M.",
    title = "{A Precision calculation of the effective number of cosmological neutrinos}",
    eprint = "astro-ph/0111408",
    archivePrefix = "arXiv",
    reportNumber = "DSF-37-2001, MPI-PHT-2001-51",
    doi = "10.1016/S0370-2693(02)01622-2",
    journal = "Phys. Lett. B",
    volume = "534",
    pages = "8--16",
    year = "2002"
}

@article{Mangano:2006ar,
    author = "Mangano, Gianpiero and Miele, Gennaro and Pastor, Sergio and Pinto, Teguayco and Pisanti, Ofelia and Serpico, Pasquale D.",
    title = "{Effects of non-standard neutrino-electron interactions on relic neutrino decoupling}",
    eprint = "hep-ph/0607267",
    archivePrefix = "arXiv",
    reportNumber = "DSF-23-2006, IFIC-06-24, MPP-2006-80",
    doi = "10.1016/j.nuclphysb.2006.09.002",
    journal = "Nucl. Phys. B",
    volume = "756",
    pages = "100--116",
    year = "2006"
}

@article{Morgan:1981zy,
    author = "Morgan, J. A.",
    title = "{Cosmological upper limit to neutrino magnetic moments}",
    doi = "10.1016/0370-2693(81)90868-6",
    journal = "Phys. Lett. B",
    volume = "102",
    pages = "247--250",
    year = "1981"
}
@article{Fukugita:1987uy,
    author = "Fukugita, M. and Yazaki, S.",
    title = "{Reexamination of Astrophysical and Cosmological Constraints on the Magnetic Moment of Neutrinos}",
    reportNumber = "RIFP-709",
    doi = "10.1103/PhysRevD.36.3817",
    journal = "Phys. Rev. D",
    volume = "36",
    pages = "3817",
    year = "1987"
}

@article{Elmfors:1997tt,
    author = "Elmfors, Per and Enqvist, Kari and Raffelt, Georg and Sigl, Gunter",
    title = "{Neutrinos with magnetic moment: Depolarization rate in plasma}",
    eprint = "hep-ph/9703214",
    archivePrefix = "arXiv",
    reportNumber = "USITP-96-17, MPI-PTH-97-11",
    doi = "10.1016/S0550-3213(97)00382-9",
    journal = "Nucl. Phys. B",
    volume = "503",
    pages = "3--23",
    year = "1997"
}

@article{Vogel:1989iv,
    author = "Vogel, P. and Engel, J.",
    title = "{Neutrino Electromagnetic Form-Factors}",
    reportNumber = "CALT-63-539",
    doi = "10.1103/PhysRevD.39.3378",
    journal = "Phys. Rev. D",
    volume = "39",
    pages = "3378",
    year = "1989"
}

@article{Giunti:2008ve,
    author = "Giunti, Carlo and Studenikin, Alexander",
    title = "{Neutrino electromagnetic properties}",
    eprint = "0812.3646",
    archivePrefix = "arXiv",
    primaryClass = "hep-ph",
    doi = "10.1134/S1063778809120126",
    journal = "Phys. Atom. Nucl.",
    volume = "72",
    pages = "2089--2125",
    year = "2009"
}

@article{ParticleDataGroup:2018ovx,
    author = "Tanabashi, M. and others",
    collaboration = "Particle Data Group",
    title = "{Review of Particle Physics}",
    doi = "10.1103/PhysRevD.98.030001",
    journal = "Phys. Rev. D",
    volume = "98",
    number = "3",
    pages = "030001",
    year = "2018"
}


@article{Rafelski:2020ajx,
    author = "Rafelski, Johann and Yang, Cheng Tao",
    title = "{Reactions Governing Strangeness Abundance in Primordial Universe}",
    eprint = "2009.05661",
    archivePrefix = "arXiv",
    primaryClass = "hep-ph",
    doi = "10.1051/epjconf/202225913001",
    journal = "EPJ Web Conf.",
    volume = "259",
    pages = "13001",
    year = "2022"
}

@article{Rafelski:2021aey,
    author = "Rafelski, Jan and Yang, Cheng Tao",
    title = "{The muon abundance in the primordial Universe}",
    eprint = "2103.07812",
    archivePrefix = "arXiv",
    primaryClass = "hep-ph",
    doi = "10.5506/APhysPolB.52.277",
    journal = "Acta Phys. Polon. B",
    volume = "52",
    pages = "277",
    year = "2021"
}

@article{Koch:1986ud,
    author = "Koch, P. and Muller, Berndt and Rafelski, Johann",
    title = "{Strangeness in Relativistic Heavy Ion Collisions}",
    reportNumber = "GSI-86-7, UCT-TP-41-86, UCT-TP-29-1985",
    doi = "10.1016/0370-1573(86)90096-7",
    journal = "Phys. Rept.",
    volume = "142",
    pages = "167--262",
    year = "1986"
}

@article{Cugnon:1984pm,
    author = "Cugnon, J. and Lombard, R. M.",
    title = "{K+ production in a cascade model for high-energy nucleus nucleus collisions}",
    doi = "10.1016/0375-9474(84)90369-5",
    journal = "Nucl. Phys. A",
    volume = "422",
    pages = "635--653",
    year = "1984"
}

@article{Kuznetsova:2011wt,
    author = "Kuznetsova, Inga and Rafelski, Johann",
    title = "{Electron-Positron Plasma Drop Formed by Ultra-Intense Laser Pulses}",
    eprint = "1109.3546",
    archivePrefix = "arXiv",
    primaryClass = "physics.plasm-ph",
    doi = "10.1103/PhysRevD.85.085014",
    journal = "Phys. Rev. D",
    volume = "85",
    pages = "085014",
    year = "2012"
}

@article{Kuznetsova:2009bq,
    author = "Kuznetsova, Inga and Habs, Dieter and Rafelski, Johann",
    title = "{Thermal reaction processes in a relativistic QED plasma drop}",
    eprint = "0911.0118",
    archivePrefix = "arXiv",
    primaryClass = "physics.plasm-ph",
    doi = "10.1103/PhysRevD.81.053007",
    journal = "Phys. Rev. D",
    volume = "81",
    pages = "053007",
    year = "2010"
}

@article{Kislinger:1975uy,
    author = "Kislinger, M. B. and Morley, P. D.",
    title = "{Collective Phenomena in Gauge Theories. 1. The Plasmon Effect for Yang-Mills Fields}",
    reportNumber = "EFI-75-8-REV, EFI-75-8",
    doi = "10.1103/PhysRevD.13.2765",
    journal = "Phys. Rev. D",
    volume = "13",
    pages = "2765",
    year = "1976"
}



@article{Schroedter:2000ek,
    author = "Schroedter, Martin and Thews, Robert L. and Rafelski, Johann",
    title = "{$B_c$ meson production in nuclear collisions at RHIC}",
    eprint = "hep-ph/0004041",
    archivePrefix = "arXiv",
    doi = "10.1103/PhysRevC.62.024905",
    journal = "Phys. Rev. C",
    volume = "62",
    pages = "024905",
    year = "2000"
}

@article{Kuzmin:1985mm,
    author = "Kuzmin, V. A. and Rubakov, V. A. and Shaposhnikov, M. E.",
    title = "{On the Anomalous Electroweak Baryon Number Nonconservation in the Early Universe}",
    reportNumber = "IC/85/8",
    doi = "10.1016/0370-2693(85)91028-7",
    journal = "Phys. Lett. B",
    volume = "155",
    pages = "36",
    year = "1985"
}


@article{Kuzmin:1987wn,
    author = "Kuzmin, V. A. and Rubakov, V. A. and Shaposhnikov, M. E.",
    title = "{Anomalous Electroweak Baryon Number Nonconservation and GUT Mechanism for Baryogenesis}",
    reportNumber = "NBI-HE-87-05",
    doi = "10.1016/0370-2693(87)91340-2",
    journal = "Phys. Lett. B",
    volume = "191",
    pages = "171--173",
    year = "1987"
}

@article{Arnold:1987mh,
    author = "Arnold, Peter Brockway and McLerran, Larry D.",
    title = "{Sphalerons, Small Fluctuations and Baryon Number Violation in Electroweak Theory}",
    reportNumber = "FERMILAB-PUB-87-034-T",
    doi = "10.1103/PhysRevD.36.581",
    journal = "Phys. Rev. D",
    volume = "36",
    pages = "581",
    year = "1987"
}

@article{Kolb:1996jt,
    author = "Kolb, Edward W. and Linde, Andrei D. and Riotto, Antonio",
    title = "{GUT baryogenesis after preheating}",
    eprint = "hep-ph/9606260",
    archivePrefix = "arXiv",
    reportNumber = "FERMILAB-PUB-96-133-A, SU-ITP-96-22",
    doi = "10.1103/PhysRevLett.77.4290",
    journal = "Phys. Rev. Lett.",
    volume = "77",
    pages = "4290--4293",
    year = "1996"
}


@article{Riotto:1999yt,
    author = "Riotto, Antonio and Trodden, Mark",
    title = "{Recent progress in baryogenesis}",
    eprint = "hep-ph/9901362",
    archivePrefix = "arXiv",
    reportNumber = "CERN-TH-99-04, CWRU-P6-99",
    doi = "10.1146/annurev.nucl.49.1.35",
    journal = "Ann. Rev. Nucl. Part. Sci.",
    volume = "49",
    pages = "35--75",
    year = "1999"
}

@article{Nielsen:2001fy,
    author = "Nielsen, Holger Bech and Takanishi, Y.",
    title = "{Baryogenesis via lepton number violation in anti-GUT model}",
    eprint = "hep-ph/0101307",
    archivePrefix = "arXiv",
    reportNumber = "NBI-HE-00-48",
    doi = "10.1016/S0370-2693(01)00357-4",
    journal = "Phys. Lett. B",
    volume = "507",
    pages = "241--251",
    year = "2001"
}

@article{Giudice:2003jh,
    author = "Giudice, G. F. and Notari, A. and Raidal, M. and Riotto, A. and Strumia, A.",
    title = "{Towards a complete theory of thermal leptogenesis in the SM and MSSM}",
    eprint = "hep-ph/0310123",
    archivePrefix = "arXiv",
    reportNumber = "IFUP-TH-2003-37, CERN-TH-2003-240",
    doi = "10.1016/j.nuclphysb.2004.02.019",
    journal = "Nucl. Phys. B",
    volume = "685",
    pages = "89--149",
    year = "2004"
}

@article{Davidson:2008bu,
    author = "Davidson, Sacha and Nardi, Enrico and Nir, Yosef",
    title = "{Leptogenesis}",
    eprint = "0802.2962",
    archivePrefix = "arXiv",
    primaryClass = "hep-ph",
    doi = "10.1016/j.physrep.2008.06.002",
    journal = "Phys. Rept.",
    volume = "466",
    pages = "105--177",
    year = "2008"
}

@article{Morrissey:2012db,
    author = "Morrissey, David E. and Ramsey-Musolf, Michael J.",
    title = "{Electroweak baryogenesis}",
    eprint = "1206.2942",
    archivePrefix = "arXiv",
    primaryClass = "hep-ph",
    reportNumber = "NPAC-12-08",
    doi = "10.1088/1367-2630/14/12/125003",
    journal = "New J. Phys.",
    volume = "14",
    pages = "125003",
    year = "2012"
}

@article{Sakharov:1967dj,
    author = "Sakharov, A. D.",
    title = "{Violation of CP Invariance, C asymmetry, and baryon asymmetry of the universe}",
    doi = "10.1070/PU1991v034n05ABEH002497",
    journal = "Pisma Zh. Eksp. Teor. Fiz.",
    volume = "5",
    pages = "32--35",
    year = "1967"
}

@article{Sakharov:1988vdp,
    author = "Sakharov, A. D.",
    editor = "Markov, Moisei Aleksandrovich and Berezin, Viktor A. and Mukhanov, Viatcheslav F. F.",
    title = "{Baryon asymmetry of the universe}",
    journal = "Soviet Physics Uspekhi",
    doi = "10.1070/PU1991v034n05ABEH002504",
    pages = "65--80",
    year = "1990"
}

@article{Rafelski:2019twp,
    author = "Rafelski, Johann",
    title = "{Discovery of Quark-Gluon-Plasma: Strangeness Diaries}",
    eprint = "1911.00831",
    archivePrefix = "arXiv",
    primaryClass = "hep-ph",
    reportNumber = "CERN-TH-2019-138",
    doi = "10.1140/epjst/e2019-900263-x",
    journal = "Eur. Phys. J. ST",
    volume = "229",
    number = "1",
    pages = "1--140",
    year = "2020"
}

@article{Fromerth:2002wb,
    author = "Fromerth, Michael J. and Rafelski, Johann",
    title = "{Hadronization of the quark Universe}",
    eprint = "astro-ph/0211346",
    journal = {arXiv},
    archivePrefix = "arXiv",
    month = "11",
    year = "2002"
}

@article{Karsch:1987pv,
    author = "Karsch, F. and Mehr, M. T. and Satz, H.",
    title = "{Color Screening and Deconfinement for Bound States of Heavy Quarks}",
    reportNumber = "BNL-40122",
    doi = "10.1007/BF01549722",
    journal = "Z. Phys. C",
    volume = "37",
    pages = "617",
    year = "1988"
}

@article{Brambilla:2010vq,
    author = "Brambilla, Nora and Escobedo, Miguel Angel and Ghiglieri, Jacopo and Soto, Joan and Vairo, Antonio",
    title = "{Heavy Quarkonium in a weakly-coupled quark-gluon plasma below the melting temperature}",
    eprint = "1007.4156",
    archivePrefix = "arXiv",
    primaryClass = "hep-ph",
    reportNumber = "TUM-EFT-7-10, UB-ECM-PF-10-17, ICCUB-10-033",
    doi = "10.1007/JHEP09(2010)038",
    journal = "JHEP",
    volume = "09",
    pages = "038",
    year = "2010"
}

@article{Aarts:2011sm,
    author = "Aarts, G. and Allton, C. and Kim, S. and Lombardo, M. P. and Oktay, M. B. and Ryan, S. M. and Sinclair, D. K. and Skullerud, J. I.",
    title = "{What happens to the $\Upsilon$ and $\eta_b$ in the quark-gluon plasma? Bottomonium spectral functions from lattice QCD}",
    eprint = "1109.4496",
    archivePrefix = "arXiv",
    primaryClass = "hep-lat",
    doi = "10.1007/JHEP11(2011)103",
    journal = "JHEP",
    volume = "11",
    pages = "103",
    year = "2011"
}

@article{Brambilla:2017zei,
    author = "Brambilla, Nora and Escobedo, Miguel A. and Soto, Joan and Vairo, Antonio",
    title = "{Heavy quarkonium suppression in a fireball}",
    eprint = "1711.04515",
    archivePrefix = "arXiv",
    primaryClass = "hep-ph",
    reportNumber = "TUM-EFT-89-16",
    doi = "10.1103/PhysRevD.97.074009",
    journal = "Phys. Rev. D",
    volume = "97",
    number = "7",
    pages = "074009",
    year = "2018"
}

@article{Bazavov:2018wmo,
    author = "Bazavov, Alexei and Brambilla, Nora and Petreczky, Peter and Vairo, Antonio and Weber, Johannes Heinrich",
    collaboration = "TUMQCD",
    title = "{Color screening in (2+1)-flavor QCD}",
    eprint = "1804.10600",
    archivePrefix = "arXiv",
    primaryClass = "hep-lat",
    reportNumber = "TUM-EFT-81-16, TUM-EFT 81/16",
    doi = "10.1103/PhysRevD.98.054511",
    journal = "Phys. Rev. D",
    volume = "98",
    number = "5",
    pages = "054511",
    year = "2018"
}

@article{Offler:2019eij,
    author = {Offler, Sam and Aarts, Gert and Allton, Chris and Glesaaen, Jonas and J\"ager, Benjamin and Kim, Seyong and Lombardo, Maria Paola and Ryan, Sinead M. and Skullerud, Jon-Ivar},
    title = "{News from bottomonium spectral functions in thermal QCD}",
    eprint = "1912.12900",
    archivePrefix = "arXiv",
    primaryClass = "hep-lat",
    doi = "10.22323/1.363.0076",
    journal = "PoS",
    volume = "LATTICE2019",
    pages = "076",
    year = "2019"
}

@article{LHCb:2019jta,
    author = "Aaij, Roel and others",
    collaboration = "LHCb",
    title = "{Observation of Several Sources of $CP$ Violation in $B^+ \to \pi^+ \pi^+ \pi^-$ Decays}",
    eprint = "1909.05211",
    archivePrefix = "arXiv",
    primaryClass = "hep-ex",
    reportNumber = "LHCb-PAPER-2019-018, CERN-EP-2019-156",
    doi = "10.1103/PhysRevLett.124.031801",
    journal = "Phys. Rev. Lett.",
    volume = "124",
    number = "3",
    pages = "031801",
    year = "2020"
}

@article{LHCb:2020vut,
    author = "Aaij, Roel and others",
    collaboration = "LHCb",
    title = "{Measurement of CP observables in B$^{\pm}$ $\rightarrow$ DK$^{\pm}$ and B$^{\pm}$ $\rightarrow$ D\ensuremath{\pi}$^{\pm}$ with D $\rightarrow$ $ {K}_{\mathrm{S}}^0{K}^{\pm }{\pi}^{\mp } $ decays}",
    eprint = "2002.08858",
    archivePrefix = "arXiv",
    primaryClass = "hep-ex",
    reportNumber = "LHCB-PAPER-2019-044, LHCB-PAPER-2019-044-003, LHCb-PAPER-2019-044, CERN-EP-2020-015",
    doi = "10.1007/JHEP06(2020)058",
    journal = "JHEP",
    volume = "06",
    pages = "058",
    year = "2020"
}


@phdthesis{Tully:2019ltb,
    author = "Tully, Alison Maria",
    title = "{Doubly charmed $B$ decays with the LHCb experiment}",
    reportNumber = "CERN-THESIS-2019-081",
    doi = "10.17863/CAM.44796",
    school = "Cambridge U.",
    year = "2019"
}

@article{HFLAV:2019otj,
    author = "Amhis, Yasmine Sara and others",
    collaboration = "HFLAV",
    title = "{Averages of b-hadron, c-hadron, and $\tau $-lepton properties as of 2018}",
    eprint = "1909.12524",
    archivePrefix = "arXiv",
    primaryClass = "hep-ex",
    doi = "10.1140/epjc/s10052-020-8156-7",
    journal = "Eur. Phys. J. C",
    volume = "81",
    number = "3",
    pages = "226",
    year = "2021"
}

@article{Yang:2021bko,
    author = "Yang, Cheng Tao and Rafelski, Johann",
    title = "{Cosmological strangeness abundance}",
    eprint = "2108.01752",
    archivePrefix = "arXiv",
    primaryClass = "hep-ph",
    doi = "10.1016/j.physletb.2022.136944",
    journal = "Phys. Lett. B",
    volume = "827",
    pages = "136944",
    year = "2022"
}

@article{Rafelski:2013yka,
    author = "Rafelski, Johann and Birrell, Jeremiah",
    editor = "Evans, David and Hands, Simon and Lietava, Roman and Romita, Rosa and Villalobos Baillie, Orlando",
    title = "{Traveling Through the Universe: Back in Time to the Quark-Gluon Plasma Era}",
    eprint = "1311.0075",
    archivePrefix = "arXiv",
    primaryClass = "nucl-th",
    doi = "10.1088/1742-6596/509/1/012014",
    journal = "J. Phys. Conf. Ser.",
    volume = "509",
    pages = "012014",
    year = "2014"
}

@article{Rafelski:2001hp,
    author = "Rafelski, Johann and Letessier, Jean and Torrieri, Giorgio",
    title = "{Strange hadrons and their resonances: A Diagnostic tool of QGP freezeout dynamics}",
    eprint = "nucl-th/0104042",
    archivePrefix = "arXiv",
    doi = "10.1103/PhysRevC.64.054907",
    journal = "Phys. Rev. C",
    volume = "64",
    pages = "054907",
    year = "2001",
    note = "[Erratum: Phys.Rev.C 65, 069902 (2002)]"
}

@article{Coc:2006rt,
    author = "Coc, Alain and Olive, Keith A. and Uzan, Jean-Philippe and Vangioni, Elisabeth",
    title = "{Big bang nucleosynthesis constraints on scalar-tensor theories of gravity}",
    eprint = "astro-ph/0601299",
    archivePrefix = "arXiv",
    reportNumber = "UMN-TH-2424-05, FTPI-MINN-05-52",
    doi = "10.1103/PhysRevD.73.083525",
    journal = "Phys. Rev. D",
    volume = "73",
    pages = "083525",
    year = "2006"
}

@article{Pitrou:2018cgg,
    author = "Pitrou, Cyril and Coc, Alain and Uzan, Jean-Philippe and Vangioni, Elisabeth",
    title = "{Precision big bang nucleosynthesis with improved Helium-4 predictions}",
    eprint = "1801.08023",
    archivePrefix = "arXiv",
    primaryClass = "astro-ph.CO",
    doi = "10.1016/j.physrep.2018.04.005",
    journal = "Phys. Rept.",
    volume = "754",
    pages = "1--66",
    year = "2018"
}

@book{Dodelson:2003ft,
    author = "Dodelson, Scott",
    title = "{Modern Cosmology}",
    isbn = "978-0-12-219141-1",
    publisher = "Academic Press",
    address = "Amsterdam",
    year = "2003"
}

@book{Mukhanov:2005sc,
    author = "Mukhanov, V.",
    title = "{Physical Foundations of Cosmology}",
    doi = "10.1017/CBO9780511790553",
    isbn = "978-0-521-56398-7",
    publisher = "Cambridge University Press",
    address = "Oxford",
    year = "2005"
}


@article{Letessier:2005qe,
    author = "Letessier, Jean and Rafelski, Johann",
    title = "{Hadron production and phase changes in relativistic heavy ion collisions}",
    eprint = "nucl-th/0504028",
    archivePrefix = "arXiv",
    reportNumber = "CERN-PH-TH-2005-060",
    doi = "10.1140/epja/i2007-10546-7",
    journal = "Eur. Phys. J. A",
    volume = "35",
    pages = "221--242",
    year = "2008"
}

@article{Barenboim:2016shh,
    author = "Barenboim, Gabriela and Kinney, William H. and Park, Wan-Il",
    title = "{Resurrection of large lepton number asymmetries from neutrino flavor oscillations}",
    eprint = "1609.01584",
    archivePrefix = "arXiv",
    primaryClass = "hep-ph",
    reportNumber = "FTUV-16-08-05, IFIC-16-60",
    doi = "10.1103/PhysRevD.95.043506",
    journal = "Phys. Rev. D",
    volume = "95",
    number = "4",
    pages = "043506",
    year = "2017"
}

@article{Barenboim:2017dfq,
    author = "Barenboim, Gabriela and Park, Wan-Il",
    title = "{A full picture of large lepton number asymmetries of the Universe}",
    eprint = "1703.08258",
    archivePrefix = "arXiv",
    primaryClass = "hep-ph",
    reportNumber = "FTUV-17-03-17, IFIC-17-19",
    doi = "10.1088/1475-7516/2017/04/048",
    journal = "JCAP",
    volume = "04",
    pages = "048",
    year = "2017"
}

@book{melrose2007quantum,
  title={Quantum Plasmadynamics: Unmagnetized Plasmas},
  author={Melrose, D.},
  isbn={9780387739038},
  lccn={2007936733},
  series={Lecture Notes in Physics},
  doi="10.1007/978-0-387-73903-8",
  year={2007},
  publisher={Springer New York}
}

%The paper for screen potential in ee plasma
@article{Chris:2023abc,
    author = "Grayson, Christopher and Yang, Cheng Tao and Rafelski, Johann",
    title = "{Electron-Positron Plasma in the BBN epoch}",
    journal = "(in preparation)",
    year = "2023"
}

@article{Debye_1923,
author = {Debye, Peter and H{\"u}ckel, Erich},
title="Zur Theorie der Elektrolyte",
bookTitle="Ergebnisse der Exakten Naturwissenschaften: Dritter Band",
year="1924",
journal = {Physikalische Zeitschrift},
publisher="Springer Berlin Heidelberg",
address="Berlin, Heidelberg",
pages="199--276",
isbn="978-3-642-94260-0",
doi="10.1007/978-3-642-94260-0_9"
}

@article{osti_4827010,
title = {Inverse third power law for the shielding of test particles},
author = {Montgomery, D and Joyce, G and Sughara, R},
abstractNote = {},
doi = {10.1088/0032-1028/10/7/304},
url = {https://www.osti.gov/biblio/4827010}, 
journal = {Plasma Phys., 10: 681-6(July 1968).},
place = {United Kingdom},
year = {1968},
month = {1}
}

@ARTICLE{1973PhFl...16..450S,
       author = {{Stenflo}, L. and {Yu}, M.~Y. and {Shukla}, P.~K.},
        title = "{Shielding of a slow test charge in a collisional plasma}",
      journal = {Physics of Fluids},
         year = 1973,
        month = mar,
       volume = {16},
       number = {3},
        pages = {450-452},
          doi = {10.1063/1.1694361},
       adsurl = {https://ui.adsabs.harvard.edu/abs/1973PhFl...16..450S},
      adsnote = {Provided by the SAO/NASA Astrophysics Data System}
}


@article{PKShukla_2002,
doi = {10.1088/0741-3335/44/3/701},
year = {2002},
month = {mar},
publisher = {},
volume = {44},
number = {3},
pages = {395},
author = {P K Shukla and  A A Mamun},
title = {Introduction to Dusty Plasma Physics},
journal = {Plasma Physics and Controlled Fusion},
}



@ARTICLE{1996PhPl....3.1770S,
       author = {{Shukla}, P.~K. and {Rao}, N.~N.},
        title = "{Coulomb crystallization in colloidal plasmas with streaming ions and dust grains}",
      journal = {Physics of Plasmas},
         year = 1996,
        month = may,
       volume = {3},
       number = {5},
        pages = {1770-1772},
          doi = {10.1063/1.871695},
       adsurl = {https://ui.adsabs.harvard.edu/abs/1996PhPl....3.1770S},
      adsnote = {Provided by the SAO/NASA Astrophysics Data System}
}

@article{Hwang:2021kno,
    author = "Hwang, Eunseok and Jang, Dukjae and Park, Kiwan and Kusakabe, Motohiko and Kajino, Toshitaka and Balantekin, A. Baha and Maruyama, Tomoyuki and Ryu, Chang-Mo and Cheoun, Myung-Ki",
    title = "{Dynamical screening effects on big bang nucleosynthesis}",
    eprint = "2102.09801",
    archivePrefix = "arXiv",
    primaryClass = "nucl-th",
    doi = "10.1088/1475-7516/2021/11/017",
    journal = "JCAP",
    volume = "11",
    pages = "017",
    year = "2021"
}

@article{Wang:2010px,
    author = "Wang, Biao and Bertulani, C. A. and Balantekin, A. B.",
    title = "{Electron screening and its effects on Big-Bang nucleosynthesis}",
    eprint = "1010.1565",
    archivePrefix = "arXiv",
    primaryClass = "astro-ph.CO",
    doi = "10.1103/PhysRevC.83.018801",
    journal = "Phys. Rev. C",
    volume = "83",
    pages = "018801",
    year = "2011"
}

@article{Fields:2011zzb,
    author = "Fields, Brian D.",
    title = "{The primordial lithium problem}",
    eprint = "1203.3551",
    archivePrefix = "arXiv",
    primaryClass = "astro-ph.CO",
    doi = "10.1146/annurev-nucl-102010-130445",
    journal = "Ann. Rev. Nucl. Part. Sci.",
    volume = "61",
    pages = "47--68",
    year = "2011"
}

@article{Salpeter:1954nc,
    author = "Salpeter, E. E.",
    title = "{Electron screening and thermonuclear reactions}",
    doi = "10.1071/PH540373",
    journal = "Austral. J. Phys.",
    volume = "7",
    pages = "373--388",
    year = "1954"
}

@ARTICLE{1969ApJ...155..183S,
       author = {{Salpeter}, E.~E. and {van Horn}, H.~M.},
        title = "{Nuclear Reaction Rates at High Densities}",
      journal = {\apj},
         year = 1969,
        month = jan,
       volume = {155},
        pages = {183},
          doi = {10.1086/149858},
       adsurl = {https://ui.adsabs.harvard.edu/abs/1969ApJ...155..183S},
      adsnote = {Provided by the SAO/NASA Astrophysics Data System}
}

@article{Famiano:2016hhs,
    author = "Famiano, Michael A. and Balantekin, A. Baha and Kajino, Toshitaka",
    title = "{Low-lying Resonances and Relativistic Screening in Big Bang Nucleosynthesis}",
    eprint = "1603.03137",
    archivePrefix = "arXiv",
    primaryClass = "astro-ph.CO",
    doi = "10.1103/PhysRevC.93.045804",
    journal = "Phys. Rev. C",
    volume = "93",
    number = "4",
    pages = "045804",
    year = "2016"
}

@ARTICLE{1988ApJ...331..565C,
       author = {{Carraro}, C. and {Schafer}, A. and {Koonin}, S.~E.},
        title = "{Dynamic Screening of Thermonuclear Reactions}",
      journal = {\apj},
     keywords = {Nuclear Astrophysics, Nuclear Fusion, Solar Interior, Solar Neutrinos, Particle Collisions, Radiation Detectors, Reaction Kinetics, Space Plasmas, Solar Physics, NEUTRINOS, NUCLEAR REACTIONS, SUN: INTERIOR},
         year = 1988,
        month = aug,
       volume = {331},
        pages = {565},
          doi = {10.1086/166582},
       adsurl = {https://ui.adsabs.harvard.edu/abs/1988ApJ...331..565C},
      adsnote = {Provided by the SAO/NASA Astrophysics Data System}
}

@article{Gruzinov:1997as,
    author = "Gruzinov, Andrei V.",
    title = "{Dynamic screening and thermonuclear reaction rates}",
    eprint = "astro-ph/9702064",
    archivePrefix = "arXiv",
    reportNumber = "IASSNS-AST-97-9",
    doi = "10.1086/305349",
    journal = "Astrophys. J.",
    volume = "496",
    pages = "503",
    year = "1998"
}


@article{aghanim2018planck,
    author = "Aghanim, N. and others",
    collaboration = "Planck",
    title = "{Planck 2018 results. VI. Cosmological parameters}",
    eprint = "1807.06209",
    archivePrefix = "arXiv",
    primaryClass = "astro-ph.CO",
    doi = "10.1051/0004-6361/201833910",
    journal = "Astron. Astrophys.",
    volume = "641",
    pages = "A6",
    year = "2020",
    note = "[Erratum: Astron.Astrophys. 652, C4 (2021)]"
}

@article{neronov2010evidence,
    title={Evidence for strong extragalactic magnetic fields from Fermi observations of TeV blazars},
    author={Neronov, A. and Vovk, I.},
    journal={Science},
    volume={328},
    number={5974},
    pages={73--75},
    year={2010},
    publisher={American Association for the Advancement of Science},
    doi={10.1126/science.1184192}
}

@article{taylor2011extragalactic,
    title={Extragalactic magnetic fields constraints from simultaneous GeV--TeV observations of blazars},
    author={Taylor, A. M. and Vovk, I. and Neronov, A.},
    journal={Astronomy \& Astrophysics},
    volume={529},
    pages={A144},
    year={2011},
    publisher={EDP Sciences},
    doi={10.1051/0004-6361/201116441}
}

@article{pshirkov2015new,
    author = "Pshirkov, M. S. and Tinyakov, P. G. and Urban, F. R.",
    title = "{New limits on extragalactic magnetic fields from rotation measures}",
    eprint = "1504.06546",
    archivePrefix = "arXiv",
    primaryClass = "astro-ph.CO",
    doi = "10.1103/PhysRevLett.116.191302",
    journal = "Phys. Rev. Lett.",
    volume = "116",
    number = "19",
    pages = "191302",
    year = "2016"
}

@article{jedamzik2019stringent,
    title={Stringent limit on primordial magnetic fields from the cosmic microwave background radiation},
    author={Jedamzik, K. and Saveliev, A.},
    journal={Physical review letters},
    volume={123},
    number={2},
    pages={021301},
    year={2019},
    publisher={APS},
    doi={10.1103/PhysRevLett.123.021301}
}

@article{vernstrom2021discovery,
    author = {Vernstrom, T. and Heald, G. and Vazza, F. and Galvin, T. J. and West, J. L. and Locatelli, N. and Fornengo, N. and Pinetti, E.},
    title = "{Discovery of magnetic fields along stacked cosmic filaments as revealed by radio and X-ray emission}",
    journal = {Monthly Notices of the Royal Astronomical Society},
    volume = {505},
    number = {3},
    pages = {4178-4196},
    year = {2021},
    month = {05},
    doi = {10.1093/mnras/stab1301}
}

@article{Widrow:2011hs,
    author = "Widrow, Lawrence M. and Ryu, Dongsu and Schleicher, Dominik R. G. and Subramanian, Kandaswamy and Tsagas, Christos G. and Treumann, Rudolf A.",
    title = "{The First Magnetic Fields}",
    eprint = "1109.4052",
    archivePrefix = "arXiv",
    primaryClass = "astro-ph.CO",
    doi = "10.1007/s11214-011-9833-5",
    journal = "Space Sci. Rev.",
    volume = "166",
    pages = "37--70",
    year = "2012"
}

@article{Vazza:2021vwy,
    author = "Vazza, Franco and others",
    title = "{Magnetogenesis and the Cosmic Web: A Joint Challenge for Radio Observations and Numerical Simulations}",
    eprint = "2111.09129",
    archivePrefix = "arXiv",
    primaryClass = "astro-ph.CO",
    doi = "10.3390/galaxies9040109",
    journal = "Galaxies",
    volume = "9",
    number = "4",
    pages = "109",
    year = "2021"
}

@article{Anderson:1974nyl,
    author = "Anderson, J. L. and Witting, H. R.",
    title = "{A relativistic relaxation-time model for the Boltzmann equation}",
    doi = "10.1016/0031-8914(74)90355-3",
    journal = "Physica",
    volume = "74",
    number = "3",
    pages = "466--488",
    year = "1974"
}



@article{Birrell:2014cja,
    author = "Birrell, J. and Rafelski, J.",
    title = "{Quark\textendash{}gluon plasma as the possible source of cosmological dark radiation}",
    eprint = "1404.6005",
    archivePrefix = "arXiv",
    primaryClass = "nucl-th",
    doi = "10.1016/j.physletb.2014.12.033",
    journal = "Phys. Lett. B",
    volume = "741",
    pages = "77--81",
    year = "2015"
}

@article{SajjadAthar:2022pjt,
    author = "Sajjad Athar, M. and Fatima, A. and Singh, S. K.",
    title = "{Neutrinos and their interactions with matter}",
    eprint = "2206.13792",
    archivePrefix = "arXiv",
    primaryClass = "hep-ph",
    doi = "10.1016/j.ppnp.2022.104019",
    journal = "Prog. Part. Nucl. Phys.",
    volume = "129",
    pages = "104019",
    year = {2023}
}

@article{Yang:2020nne,
    author = "Yang, C. T. and Rafelski, J.",
    title = "{Possibility of bottom-catalyzed matter genesis near to primordial QGP hadronization}",
    eprint = "2004.06771",
    archivePrefix = "arXiv",
    primaryClass = "hep-ph",
    journal = "arXiv preprint",
    month = "April",
    year = "2020"
}

@article{Formanek:2017mbv,
    author = "Formanek, Martin and Evans, Stefan and Rafelski, Johann and Steinmetz, Andrew and Yang, Cheng-Tao",
    title = "{Strong fields and neutral particle magnetic moment dynamics}",
    eprint = "1712.07698",
    archivePrefix = "arXiv",
    primaryClass = "hep-ph",
    doi = "10.1088/1361-6587/aac06a",
    journal = "Plasma Phys. Control. Fusion",
    volume = "60",
    pages = "074006",
    year = "2018"
}

@article{Yang:2018qrr,
    author = "Yang, Cheng Tao and Birrell, Jeremiah and Rafelski, Johann",
    title = "{Temperature Dependence of the Neutron Lifespan}",
    eprint = "1805.06543",
    archivePrefix = "arXiv",
    primaryClass = "nucl-th",
    month = "5",
    year = "2018",
    journal = "arXiv preprint"
}

@article{Birrell:2013gpa,
    author = "Birrell, Jeremiah and Yang, Cheng-Tao and Chen, Pisin and Rafelski, Johann",
    title = "{Fugacity and Reheating of Primordial Neutrinos}",
    eprint = "1303.2583",
    archivePrefix = "arXiv",
    primaryClass = "astro-ph.CO",
    doi = "10.1142/S0217732313501885",
    journal = "Mod. Phys. Lett. A",
    volume = "28",
    pages = "1350188",
    year = "2013"
}
