@phdthesis{Birrell:2014ona,
    author = "Birrell, Jeremiah",
    title = "{Non-Equilibrium Aspects of Relic Neutrinos: From Freeze-out to the Present Day}",
    eprint = "1409.4500",
    archivePrefix = "arXiv",
    primaryClass = "nucl-th",
    school = "Arizona U.",
    year = "2014",
    note = "HDL: \href{https://hdl.handle.net/10150/322969}{10150/322969}"
}

@book{Olver,
title={Asymptotics and Special Functions},
author={Olver, F.W.J.},
isbn={9781568810690},
lccn={97000377},
series={AKP classics},
url={http://books.google.com/books?id=3OiIin27kkwC},
year={1997},
publisher={A.K. Peters}
}

@book{pettini,
title={Geometry and Topology in Hamiltonian Dynamics and Statistical Mechanics},
author={Pettini, M.},
isbn={9780387499574},
lccn={2007928914},
series={Interdisciplinary Applied Mathematics},
url={http://books.google.com/books?id=FWTnZ-TlRZsC},
year={2007},
publisher={Springer}
}


%Opher
@article{Opher:1974drq,
author = {{Opher}, R.},
title = "{Coherent scattering of cosmic neutrinos}",
journal = { Astron. Astrophys.},
keywords = {Background Radiation, Coherent Scattering, Cosmic Rays, Neutrinos, Scattering Cross Sections, Cosmology, Extraterrestrial Radiation, Particle Energy, Radiation Detectors, Red Shift, Refractivity},
year = 1974,
month = dec,
volume = 37,
pages = {135-137},
adsurl = {http://adsabs.harvard.edu/abs/1974A%26A....37..135O},
adsnote = {Provided by the SAO/NASA Astrophysics Data System}
}

@article{Opher2,
author = {{Opher}, R.},
title = "{Detection of solar and cosmic neutrinos by coherent scattering}",
journal = { Astron. Astrophys.},
keywords = {Coherent Scattering, Cosmic Rays, Neutrinos, Particle Energy, Radiation Detectors, Solar Neutrinos, Electron Scattering, Particle Flux Density, Particle Mass},
year = 1982,
month = apr,
volume = 108,
pages = {1-6},
adsurl = {http://adsabs.harvard.edu/abs/1982A%26A...108....1O},
adsnote = {Provided by the SAO/NASA Astrophysics Data System}
}


%Lewis,
@article{Lewis:1979mu,
    author = "Lewis, R. R.",
    title = "{Coherent Detector for Low-energy Neutrinos}",
    reportNumber = "ITP-SB-79-39",
    doi = "10.1103/PhysRevD.21.663",
    journal = "Phys. Rev. D",
    volume = "21",
    pages = "663",
    year = "1980"
}



#Ringwald:2009,
@article{Ringwald:2009bg,
    author = "Ringwald, Andreas",
    editor = "Tserruya, Itzhak and Gal, Avraham and Ashery, Daniel",
    title = "{Prospects for the direct detection of the cosmic neutrino background}",
    eprint = "0901.1529",
    archivePrefix = "arXiv",
    primaryClass = "astro-ph.CO",
    reportNumber = "DESY-09-001",
    doi = "10.1016/j.nuclphysa.2009.05.109",
    journal = "Nucl. Phys. A",
    volume = "827",
    pages = "501C--506C",
    year = "2009"
}




@article{Heckler:1994tv,
author         = "Heckler, A.F.",
title          = "{Astrophysical applications of quantum corrections to the
                equation of state of a plasma}",
journal        = "Phys.Rev.",
volume         = "D49",
pages          = "611-617",
doi            = "10.1103/PhysRevD.49.611",
year           = "1994",
SLACcitation   = "%%CITATION = PHRVA,D49,611;%%",
}

@article{Dolgov:1992wf,
    author = "Dolgov, A. D. and Kainulainen, K.",
    title = "{Fermi-{D}irac corrections to the relic abundances}",
    eprint = "hep-ph/9211231",
    archivePrefix = "arXiv",
    reportNumber = "TPI-MINN-92-59-T",
    doi = "10.1016/0550-3213(93)90646-7",
    journal = "Nucl. Phys. B",
    volume = "402",
    pages = "349--359",
    year = "1993"
}


%Bernstein:1985,
@article{Bernstein:1985th,
    author = "Bernstein, Jeremy and Brown, Lowell S. and Feinberg, Gerald",
    title = "{The Cosmological Heavy Neutrino Problem Revisited}",
    reportNumber = "CU-TP-316",
    doi = "10.1103/PhysRevD.32.3261",
    journal = "Phys. Rev. D",
    volume = "32",
    pages = "3261",
    year = "1985"
}

@incollection{Zaroubi:2012in,
author         = "Zaroubi, Saleem",
title          = "{The Epoch of Reionization}",
booktitle      = "{The First Galaxies -- Theoretical Predictions and Observational Clues}",
editor         = "{Wiklind, T., Mobasher, B., Bromm, V.}",
publisher      = "{Springer}",
address        = "{Berlin, Heidelberg}",
pages          = "{45--102}",
series         = "{Astrophysics and Space Science Library}",
volume         = "{396}",
doi            = "{10.1007/978-3-642-32362-1_2}",
year           = "2013",
eprint         = "arXiv:1206.0267",
archivePrefix  = "arXiv",
primaryClass   = "astro-ph.CO" 
}

%misner1973gravitation
@book{Misner:1973prb,
title={Gravitation},
author = "Misner, Charles W. and Thorne, K. S. and Wheeler, J. A.",
isbn = "978-0-7167-0344-0, 978-0-691-17779-3",
year={1973},
    address = "San Francisco",
publisher={W. H. Freeman}
}

%PhysRevLett.48.1066  DUPLICATE FOR SURE
@article{Rafelski:1982pu,
    author = "Rafelski, Johann and Muller, Berndt",
    title = "{Strangeness Production in the Quark - Gluon Plasma}",
    reportNumber = "Print-82-0048 (FRANKFURT)",
    doi = "10.1103/PhysRevLett.48.1066",
    journal = "Phys. Rev. Lett.",
    volume = "48",
    pages = "1066",
    year = "1982",
    note = "[Erratum: Phys.Rev.Lett. 56, 2334 (1986)]"
}

%hobson
@book{Hobson:2006se,
author = "Hobson, M. P. and Efstathiou, G. P. and Lasenby, A. N.",
title = "{General relativity: An introduction for physicists}",
PUBLISHER = "Cambridge University Press",
ADDRESS = "Cambridge",
YEAR = "2006",
PAGES = "193",
ISBN = "0521829518"
}

@Book{cercignani,
AUTHOR = "C. Cercignani and G. Kremer",
TITLE = "The Relativistic Boltzmann Equation: Theory and Applications",	
PUBLISHER = "Birkh√§user Verlag",
ADDRESS = "Basel",
YEAR = "2000"
}
%bruhat
@Book{Choquet-Bruhat:2009xil,
author = "Choquet-Bruhat, Yvonne",
TITLE = "General Relativity and the Einstein Equations",	
PUBLISHER = "Oxford University Press",
ADDRESS = "Oxford, United Kingdom",
YEAR = "2009",
series = "Oxford Mathematical Monographs",
    isbn = "978-0-19-923072-3"
}

@incollection {ehlers,
AUTHOR = {J. Ehlers},
TITLE = {Survey of General Relativity Theory},
BOOKTITLE = {Relativity, Astrophysics and Cosmology},
PAGES = {1--125},
PUBLISHER = {D. Reidel Publishing Company},
ADDRESS = {Dordrecht-Holland},
YEAR = {1973}
}

%andre,
@article{Andreasson:2011ng,
    author = "Andreasson, Hakan",
    title = "{The Einstein-Vlasov System/Kinetic Theory}",
    eprint = "1106.1367",
    archivePrefix = "arXiv",
    primaryClass = "gr-qc",
    doi = "10.12942/lrr-2011-4",
    journal = "Living Rev. Rel.",
    volume = "14",
    pages = "4",
    year = "2011"
}




%inga
@phdthesis{Kuznetsova:2009xh,
    author = "Kuznetsova, Inga",
    title = "{Particle Production in Matter at Extreme Conditions}",
    eprint = "0909.0524",
    archivePrefix = "arXiv",
    primaryClass = "hep-th",
    type = "thesis",
    month = "9",
    year = "2009",
school ="The University of Arizona"
}


@book{lee2003introduction,
title={Introduction to Smooth Manifolds},
author={Lee, J.M.},
isbn={9780387954486},
lccn={2002070454},
series={Graduate Texts in Mathematics},
url={http://books.google.com/books?id=eqfgZtjQceYC},
year={2003},
publisher={Springer}
}


@book{lee1997riemannian,
title={Riemannian Manifolds: An Introduction to Curvature},
author={Lee, J.M.},
isbn={9780387982717},
lccn={97014537},
series={Graduate Texts in Mathematics},
url={http://books.google.com/books?id=ZRQgH7FQafgC},
year={1997},
publisher={Springer}
}


@article{tsamparlis,
author = {Tsamparlis, M.},
title = {Induced volume forms with applications in relativistic kinetic theory},
journal = {General Relativity and Gravitation},
publisher = {Springer Netherlands},
issn = {0001-7701},
keyword = {Physics and Astronomy},
pages = {831-851},
volume = {17},
issue = {9},
doi = {10.1007/BF00773681},
year = {1985}
}

@article{Iocco:2008va,
author         = "Iocco, Fabio and Mangano, Gianpiero and Miele, Gennaro
                and Pisanti, Ofelia and Serpico, Pasquale D.",
title          = "{Primordial Nucleosynthesis: from precision cosmology to
                fundamental physics}",
journal        = "Phys.Rept.",
volume         = "472",
pages          = "1-76",
doi            = "10.1016/j.physrep.2009.02.002",
year           = "2009",
eprint         = "0809.0631",
archivePrefix  = "arXiv",
primaryClass   = "astro-ph",
reportNumber   = "DSF-20-2008, FERMILAB-PUB-08-216-A, IFIC-08-37",
SLACcitation   = "%%CITATION = ARXIV:0809.0631;%%",
}

%hartle2003gravity
@book{Hartle:2003yu,
title={Gravity: an introduction to Einstein's general relativity},
author={Hartle, J.B.},
isbn={9780805386622},
lccn={2002151118},
year={2003},
publisher={Addison-Wesley}
}

%THIS IS GROSSLY OBSOLETE eliminate
% others refer to 
% ParticleDataGroup:2022pth
@article{Obsolete-pdg,
volume = {37},
journal = {J. Phys. G},
author = {K. Nakamura et al. (Particle Data Group)},
year = {2010},
title = {The Review of Particle Physics},
issue = {37},
}
%More OBSOLETE
@article{Obsolete-Beringer:1900zz,
author         = "Beringer, J. and others",
title          = "{Review of Particle Physics (RPP)}",
collaboration  = "Particle Data Group",
journal        = "Phys.Rev.",
volume         = "D86",
pages          = "010001",
doi            = "10.1103/PhysRevD.86.010001",
year           = "2012",
SLACcitation   = "%%CITATION = PHRVA,D86,010001;%%",
}

@article{Uzan:2010pm,
author         = "Uzan, Jean-Philippe",
title          = "{Varying Constants, Gravitation and Cosmology}",
journal        = "Living Rev.Rel.",
volume         = "14",
pages          = "2",
year           = "2011",
eprint         = "1009.5514",
archivePrefix  = "arXiv",
primaryClass   = "astro-ph.CO",
SLACcitation   = "%%CITATION = ARXIV:1009.5514;%%",
}




@article{Weinberg:2013kea,
author         = "Weinberg, Steven",
title          = "{Goldstone Bosons as Fractional Cosmic Neutrinos}",
journal        = "Phys.Rev.Lett.",
number         = "24",
volume         = "110",
pages          = "241301",
doi            = "10.1103/PhysRevLett.110.241301",
year           = "2013",
eprint         = "1305.1971",
archivePrefix  = "arXiv",
primaryClass   = "astro-ph.CO",
reportNumber   = "UTTG-09-13, TCC-0006-13",
SLACcitation   = "%%CITATION = ARXIV:1305.1971;%%",
}

@book{chavel1995riemannian,
title={Riemannian Geometry: A Modern Introduction},
author={Chavel, I.},
isbn={9781139452571},
series={Cambridge tracts in mathematics},
year={1995},
publisher={Cambridge University Press}
}



%Madsen,
@article{Hannestad:1995rs,
    author = "Hannestad, Steen and Madsen, Jes",
    title = "{Neutrino decoupling in the early universe}",
    eprint = "astro-ph/9506015",
    archivePrefix = "arXiv",
    reportNumber = "TAC-1995-006, IFA-95-14, AARHUS-ASTRO-1995-08",
    doi = "10.1103/PhysRevD.52.1764",
    journal = "Phys. Rev. D",
    volume = "52",
    pages = "1764--1769",
    year = "1995"
}


%Gnedin,
@article{Gnedin:1997vn,
    author = "Gnedin, Nickolay Y. and Gnedin, Oleg Y.",
    title = "{Cosmological neutrino background revisited}",
    eprint = "astro-ph/9712199",
    archivePrefix = "arXiv",
    reportNumber = "POP-740",
    doi = "10.1086/306469",
    journal = "Astrophys. J.",
    volume = "509",
    pages = "11--15",
    year = "1998"
}


%Dolgov_Hansen,
@article{Dolgov:1997mb,
    author = "Dolgov, A. D. and Hansen, S. H. and Semikoz, D. V.",
    title = "{Nonequilibrium corrections to the spectra of massless neutrinos in the early universe}",
    eprint = "hep-ph/9703315",
    archivePrefix = "arXiv",
    reportNumber = "TAC-1997-010",
    doi = "10.1016/S0550-3213(97)00479-3",
    journal = "Nucl. Phys. B",
    volume = "503",
    pages = "426--444",
    year = "1997"
}
@article{Dolgov:1998sf,
    author = "Dolgov, A. D. and Hansen, S. H. and Semikoz, D. V.",
    title = "{Nonequilibrium corrections to the spectra of massless neutrinos in the early universe: Addendum}",
    eprint = "hep-ph/9805467",
    archivePrefix = "arXiv",
    doi = "10.1016/S0550-3213(98)00818-9",
    journal = "Nucl. Phys. B",
    volume = "543",
    pages = "269--274",
    year = "1999"
}



@article{Esposito:2000hi,
    author = "Esposito, S. and Miele, G. and Pastor, S. and Peloso, M. and Pisanti, O.",
    title = "{Nonequilibrium spectra of degenerate relic neutrinos}",
    eprint = "astro-ph/0005573",
    archivePrefix = "arXiv",
    reportNumber = "SISSA-51-2000-EP, DSF-16-00",
    doi = "10.1016/S0550-3213(00)00554-X",
    journal = "Nucl. Phys. B",
    volume = "590",
    pages = "539--561",
    year = "2000"
}



@article{Borsanyi:2013bia,
author         = "Borsanyi, Szabocls and Fodor, Zoltan and Hoelbling,
                Christian and Katz, Sandor D. and Krieg, Stefan and
                others",
title          = "{Full result for the QCD equation of state with 2+1
                flavors}",
journal        = "Phys.Lett.",
volume         = "B730",
pages          = "99-104",
doi            = "10.1016/j.physletb.2014.01.007",
year           = "2014",
eprint         = "1309.5258",
archivePrefix  = "arXiv",
primaryClass   = "hep-lat",
SLACcitation   = "%%CITATION = ARXIV:1309.5258;%%",
}

@conference{Hagmann:1999kf,
author         = "Hagmann, C.",
title          = "{Cosmic neutrinos and their detection}",
year           = "1999",
archivePrefix  = "arXiv",
eprint         = "astro-ph/9905258",
booktitle = "{Proceeding of American Physical Society (APS) Meeting of the Division of Particles and Fields (DPF 99)}: {Los Angeles, CA, January 5-9, 1999}",   
}

@article{Wilkening,
author = "Wilkening, J. and Cerfon, A. and Landreman, M.",
title = "Projected dynamics of kinetic equations with energy diffusion in spaces of orthogonal polynomials",
journal = "Journal of Computational Physics",
volume="294",
pages = "58--77",
archivePrefix = "arXiv",
eprint = {1402.2971},
primaryClass = "math.NA",
keywords = {Mathematics - Numerical Analysis, 42C10, 34L16, 35Q84},
year = 2015, 
doi = "10.1016/j.jcp.2015.03.039"
}

@article{Wilkening2,
author = {{Wilkening}, J. and {Cerfon}, A.},
title = "{A Spectral Transform Method for Singular Sturm--Liouville Problems with Applications to Energy Diffusion in Plasma Physics}",
journal = {SIAM Journal on Applied Mathematics},
pages="350-392",
volyume="75",
archivePrefix = "arXiv",
eprint = {1310.5074},
primaryClass = "math.CA",
keywords = {Mathematics - Classical Analysis and ODEs, Mathematics - Spectral Theory, 34B24, 34L16, 35Q84},
year = "2013", 
doi="10.1137/130941948",
}

@article{Petran:2013dva,
    author = "Petran, M. and Letessier, J. and Rafelski, J. and Torrieri, G.",
    title = "{SHARE with CHARM}",
    eprint = "1310.5108",
    archivePrefix = "arXiv",
    primaryClass = "hep-ph",
    doi = "10.1016/j.cpc.2014.02.026",
    journal = "Comput. Phys. Commun.",
    volume = "185",
    pages = "2056--2079",
    year = "2014"
}


@article{Kuznetsova:2010pi,
author         = "Kuznetsova, Inga and Rafelski, Johann",
title          = "{Unstable Hadrons in Hot Hadron Gas in Laboratory and in
                the Early Universe}",
journal        = "Phys.Rev.",
volume         = "C82",
pages          = "035203",
doi            = "10.1103/PhysRevC.82.035203",
year           = "2010",
eprint         = "1002.0375",
archivePrefix  = "arXiv",
primaryClass   = "hep-th",
SLACcitation   = "%%CITATION = ARXIV:1002.0375;%%",
}

@article{Petran:2013lja,
author         = "Petran, Michal and Letessier, Jean and Petracek, Vojtech
                and Rafelski, Johann",
title          = "{Hadron production and QGP Hadronization in Pb--Pb
                collisions at $\sqrt{s_{NN}}=2.76$ TeV}",
journal        = "Phys.Rev.",
volume         = "C88",
pages          = "034907",
doi            = "10.1103/PhysRevC.88.034907",
year           = "2013",
eprint         = "1303.2098",
archivePrefix  = "arXiv",
primaryClass   = "hep-ph",
reportNumber   = "CERN-PH-TH-2012-262",
SLACcitation   = "%%CITATION = ARXIV:1303.2098;%%",
}


@article{Rafelski:1991rh,
author         = "Rafelski, Johann",
title          = "{Strange anti-baryons from quark - gluon plasma}",
journal        = "Phys.Lett.",
volume         = "B262",
pages          = "333-340",
doi            = "10.1016/0370-2693(91)91576-H",
year           = "1991",
reportNumber   = "AZPH-TH-91-11",
SLACcitation   = "%%CITATION = PHLTA,B262,333;%%",
}

@article{Muller:2011tu,
author         = "Muller, Berndt",
title          = "{Strangeness and the Quark-Gluon Plasma: Thirty Years of
                Discovery}",
journal        = "Acta Phys.Polon.",
volume         = "B43",
pages          = "761",
doi            = "10.5506/APhysPolB.43.761",
year           = "2012",
eprint         = "1112.5382",
archivePrefix  = "arXiv",
primaryClass   = "nucl-th",
SLACcitation   = "%%CITATION = ARXIV:1112.5382;%%",
}

%Stodolsky:1975,
@article{Stodolsky:1974aq,
    author = "Stodolsky, Leo",
    title = "{Speculations on Detection of the Neutrino Sea}",
    reportNumber = "MPI-PAE/PTh 15",
    doi = "10.1103/PhysRevLett.34.110",
    journal = "Phys. Rev. Lett.",
    volume = "34",
    pages = "110",
    year = "1975",
    note = "[Erratum: Phys.Rev.Lett. 34, 508 (1975)]"
}


%Smith,
@article{Smith:1983jj,
    author = "Smith, P. F. and Lewin, J. D.",
    title = "{COHERENT INTERACTION OF GALACTIC NEUTRINOS WITH MATERIAL TARGETS}",
    doi = "10.1016/0370-2693(83)90873-0",
    journal = "Phys. Lett. B",
    volume = "127",
    pages = "185--190",
    year = "1983"
}




%Cabibbo:1982,
@article{Cabibbo:1982bb,
    author = "Cabibbo, N. and Maiani, L.",
    title = "{The Vanishing of Order $G$ Mechanical Effects of Cosmic Massive Neutrinos on Bulk Matter}",
    reportNumber = "Print-82-0419 (ROME)",
    doi = "10.1016/0370-2693(82)90127-7",
    journal = "Phys. Lett. B",
    volume = "114",
    pages = "115--117",
    year = "1982"
}

@article{Shvartsman,
author         = "Shvartsman, B.F. and Braginsky, V.B. and Gershtein, S.S.
                and Zeldovich, Ya.B. and Khlopov, M. Yu. and others",
title          = "{Possibility of detecting relic massive neutrinos}",
journal        = "JETP Lett.",
volume         = "36",
pages          = "277-279",
year           = "1982",
SLACcitation   = "%%CITATION = JTPLA,36,277;%%",
}

#Langacker:1982,
@article{Langacker:1982ih,
    author = "Langacker, Paul and Leveille, Jacques P. and Sheiman, Jon",
    title = "{On the Detection of Cosmological Neutrinos by Coherent Scattering}",
    reportNumber = "UM HE 82-28",
    doi = "10.1103/PhysRevD.27.1228",
    journal = "Phys. Rev. D",
    volume = "27",
    pages = "1228",
    year = "1983"
}


%Gelmini,
@article{Gelmini:2004hg,
    author = "Gelmini, Graciela B.",
    editor = {Bergstr\"om, L. and Botner, O. and Carlson, P. and Hulth, P. O. and Ohlsson, T.},
    title = "{Prospect for relic neutrino searches}",
    eprint = "hep-ph/0412305",
    archivePrefix = "arXiv",
    reportNumber = "UCLA-04-TEP-53",
    doi = "10.1088/0031-8949/2005/T121/019",
    journal = "Phys. Scripta T",
    volume = "121",
    pages = "131--136",
    year = "2005"
}

@article{Ferreras:1995wf,
author         = "Ferreras, I. and Wasserman, I.",
title          = "{Feasibility of observing mechanical effects of
                cosmological neutrinos}",
journal        = "Phys.Rev.",
volume         = "D52",
pages          = "5459-5479",
doi            = "10.1103/PhysRevD.52.5459",
year           = "1995",
SLACcitation   = "%%CITATION = PHRVA,D52,5459;%%",
}

%PTOLEMY,
@inproceedings{Betts:2013uya,
    author = "Betts, S. and others",
    title = "{Development of a Relic Neutrino Detection Experiment at PTOLEMY: Princeton Tritium Observatory for Light, Early-Universe, Massive-Neutrino Yield}",
    booktitle = "{Snowmass 2013}: {Snowmass on the Mississippi}",
    eprint = "1307.4738",
    archivePrefix = "arXiv",
    primaryClass = "astro-ph.IM",
    month = "7",
    year = "2013"
}




%Hedman,
@article{Hedman:2013hha,
    author = "Hedman, M. M.",
    title = "{Efficiently extracting energy  from cosmological neutrinos}",
    eprint = "1307.0652",
    archivePrefix = "arXiv",
    primaryClass = "astro-ph.CO",
    doi = "10.1088/1475-7516/2013/09/029",
    journal = "JCAP",
    volume = "09",
    pages = "029",
    year = "2013"
}



@article{Duda:2001hd,
author         = "Duda, Gintaras and Gelmini, Graciela and Nussinov,
                Shmuel",
title          = "{Expected signals in relic neutrino detectors}",
journal        = "Phys.Rev.",
volume         = "D64",
pages          = "122001",
doi            = "10.1103/PhysRevD.64.122001",
year           = "2001",
eprint         = "hep-ph/0107027",
archivePrefix  = "arXiv",
primaryClass   = "hep-ph",
reportNumber   = "UCLA-01-TEP-6",
SLACcitation   = "%%CITATION = HEP-PH/0107027;%%",
}

%Liao:2012,
@article{Liao:2012wb,
    author = "Liao, Wei",
    title = "{Interaction of cosmic background neutrinos with matter of periodic structure}",
    eprint = "1207.6847",
    archivePrefix = "arXiv",
    primaryClass = "hep-ph",
    doi = "10.1103/PhysRevD.86.073011",
    journal = "Phys. Rev. D",
    volume = "86",
    pages = "073011",
    year = "2012"
}


%Wong,
@article{Wong:2011ip,
    author = "Wong, Yvonne Y. Y.",
    title = "{Neutrino mass in cosmology: status and prospects}",
    eprint = "1111.1436",
    archivePrefix = "arXiv",
    primaryClass = "astro-ph.CO",
    reportNumber = "TTK-11-56",
    doi = "10.1146/annurev-nucl-102010-130252",
    journal = "Ann. Rev. Nucl. Part. Sci.",
    volume = "61",
    pages = "69--98",
    year = "2011"
}

@article{Battye:2013xqa,
author         = "Battye, Richard A. and Moss, Adam",
title          = "{Evidence for massive neutrinos from CMB and lensing
                observations}",
journal        = "Phys.Rev.Lett.",
volume         = "112",
pages          = "051303",
doi            = "10.1103/PhysRevLett.112.051303",
year           = "2014",
eprint         = "arXiv:1308.5870",
archivePrefix  = "arXiv",
primaryClass   = "astro-ph.CO",
SLACcitation   = "%%CITATION = ARXIV:1308.5870;%%",
}

%Aseev,
@article{Troitsk:2011cvm,
    author = "Aseev, V. N. and others",
    collaboration = "Troitsk",
    title = "{An upper limit on electron antineutrino mass from Troitsk experiment}",
    eprint = "1108.5034",
    archivePrefix = "arXiv",
    primaryClass = "hep-ex",
    doi = "10.1103/PhysRevD.84.112003",
    journal = "Phys. Rev. D",
    volume = "84",
    pages = "112003",
    year = "2011"
}

%CUDO,
@article{Rafelski:2011bby,
    author = "Rafelski, Johann and Labun, Lance and Birrell, Jeremiah",
    title = "{Compact Ultradense Matter Impactors}",
    eprint = "1104.4572",
    archivePrefix = "arXiv",
    primaryClass = "astro-ph.EP",
    doi = "10.1103/PhysRevLett.110.111102",
    journal = "Phys. Rev. Lett.",
    volume = "110",
    number = "11",
    pages = "111102",
    year = "2013"
}


@article{Divari:2012zz,
author         = "Divari, P.C.",
title          = "{Coherent and incoherent neutral current scattering for
                supernova detection}",
journal        = "Adv.High Energy Phys.",
volume         = "2012",
pages          = "379460",
doi            = "10.1155/2012/379460",
year           = "2012",
SLACcitation   = "%%CITATION = 00642,2012,379460;%%",
}


@article{Biercuk,
author         = "Biercuk, M.~J. and Uys, H. and Britton, J.~W. and Vandevender, A.~P. and 
Bollinger, J.~J.",
title          = "{Ultrasensitive detection of force and displacement using trapped ions}",
journal        = "Nature Nanotechnology",
volume         = "5",
pages          = "646-650",
doi            = "10.1038/nnano.2010.165",
year           = "2010",

}

%Safdi,
@article{Safdi:2014rza,
    author = "Safdi, Benjamin R. and Lisanti, Mariangela and Spitz, Joshua and Formaggio, Joseph A.",
    title = "{Annual Modulation of Cosmic Relic Neutrinos}",
    eprint = "1404.0680",
    archivePrefix = "arXiv",
    primaryClass = "astro-ph.CO",
    doi = "10.1103/PhysRevD.90.043001",
    journal = "Phys. Rev. D",
    volume = "90",
    number = "4",
    pages = "043001",
    year = "2014"
}

@article{Lee:2013wza,
author         = "Lee, Samuel K. and Lisanti, Mariangela and Peter, Annika
                H. G. and Safdi, Benjamin R.",
title          = "{Effect of Gravitational Focusing on Annual Modulation in
                Dark-Matter Direct-Detection Experiments}",
journal        = "Phys.Rev.Lett.",
volume         = "112",
pages          = "011301",
doi            = "10.1103/PhysRevLett.112.011301",
year           = "2014",
eprint         = "1308.1953",
archivePrefix  = "arXiv",
primaryClass   = "astro-ph.CO",
SLACcitation   = "%%CITATION = ARXIV:1308.1953;%%",
}

@article{Freese:2012xd,
author         = "Freese, Katherine and Lisanti, Mariangela and Savage,
                Christopher",
title          = "{Annual Modulation of Dark Matter: A Review}",
journal        = "Rev.Mod.Phys.",
volume         = "85",
pages          = "1561-1581",
doi            = "10.1103/RevModPhys.85.1561",
year           = "2013",
eprint         = "1209.3339",
archivePrefix  = "arXiv",
primaryClass   = "astro-ph.CO",
SLACcitation   = "%%CITATION = ARXIV:1209.3339;%%",
}

@article{Birrell:2014uka,
author = "Birrell, Jeremiah and Yang, Cheng-Tao and Rafelski, Johann",
title = "{Relic Neutrino Freeze-out: Dependence on Natural Constants}",
eprint = "1406.1759",
archivePrefix = "arXiv",
primaryClass = "nucl-th",
doi = "10.1016/j.nuclphysb.2014.11.020",
journal = "Nucl. Phys. B",
volume = "890",
pages = "481--517",
year = "2014"
}


@techreport{Abazajian:2012ys,
author         = "Abazajian, K.N. and Acero, M.A. and Agarwalla, S.K. and
                Aguilar-Arevalo, A.A. and Albright, C.H. and others",
title          = "{Light Sterile Neutrinos: A White Paper}",
year           = "2012",
eprint         = "arXiv:1204.5379",
archivePrefix  = "arXiv",
primaryClass   = "hep-ph",
reportNumber   = "FERMILAB-PUB-12-881-PPD",
institution = "Fermilab",
SLACcitation   = "%%CITATION = ARXIV:1204.5379;%%",
}

@article{Ringwald:2004np,
author         = "Ringwald, Andreas and Wong, Yvonne Y.Y.",
title          = "{Gravitational clustering of relic neutrinos and
                implications for their detection}",
journal        = "JCAP",
volume         = "0412",
pages          = "005",
doi            = "10.1088/1475-7516/2004/12/005",
year           = "2004",
eprint         = "hep-ph/0408241",
archivePrefix  = "arXiv",
primaryClass   = "hep-ph",
reportNumber   = "DESY-04-147",
SLACcitation   = "%%CITATION = HEP-PH/0408241;%%",
}


%wald2010general,
@book{Wald:1984rg,
    author = "Wald, Robert M.",
    title = "{General Relativity}",
    doi = "10.7208/chicago/9780226870373.001.0001",
    publisher = "Chicago Univ. Pr.",
    address = "Chicago, USA",
    year = "1984"
}


@book{o1983semi,
  title={Semi-Riemannian Geometry With Applications to Relativity},
  author={O'Neill, B.},
  isbn={9780080570570},
  series={ISSN},
  url={https://books.google.com/books?id=CGk1eRSjFIIC},
  year={1983},
  publisher={Elsevier Science}
}

@article{Birrell:2014qna,
    author = "Birrell, Jeremiah and Rafelski, Johann",
    title = "{Proposal for Resonant Detection of Relic Massive Neutrinos}",
    eprint = "1402.3409",
    archivePrefix = "arXiv",
    primaryClass = "hep-ph",
    doi = "10.1140/epjc/s10052-015-3310-3",
    journal = "Eur. Phys. J. C",
    volume = "75",
    number = "2",
    pages = "91",
    year = "2015"
}


@article{Evans:2019zyk,
     author = "Evans, Stefan and Rafelski, Johann",
     title = "{Electron electromagnetic-mass melting in strong fields}",
     eprint = "1911.08714",
     archivePrefix = "arXiv",
     primaryClass = "hep-ph",
     doi = "10.1103/PhysRevD.102.036014",
     journal = "Phys. Rev. D",
     volume = "102",
     number = "3",
     pages = "036014",
     year = "2020"
}

@article{Steigman:2013yua,
    author = "Steigman, Gary",
    title = "{Equivalent Neutrinos, Light WIMPs, and the Chimera of Dark Radiation}",
    eprint = "1303.0049",
    archivePrefix = "arXiv",
    primaryClass = "astro-ph.CO",
    doi = "10.1103/PhysRevD.87.103517",
    journal = "Phys. Rev. D",
    volume = "87",
    number = "10",
    pages = "103517",
    year = "2013"
}

@article{Anchordoqui:2011nh,
    author = "Anchordoqui, Luis Alfredo and Goldberg, Haim",
    title = "{Neutrino cosmology after WMAP 7-Year data and LHC first Z' bounds}",
    eprint = "1111.7264",
    archivePrefix = "arXiv",
    primaryClass = "hep-ph",
    doi = "10.1103/PhysRevLett.108.081805",
    journal = "Phys. Rev. Lett.",
    volume = "108",
    pages = "081805",
    year = "2012"
}

@article{Anchordoqui:2012qu,
    author = "Anchordoqui, Luis A. and Goldberg, Haim and Steigman, Gary",
    title = "{Right-Handed Neutrinos as the Dark Radiation: Status and Forecasts for the LHC}",
    eprint = "1211.0186",
    archivePrefix = "arXiv",
    primaryClass = "hep-ph",
    doi = "10.1016/j.physletb.2012.12.019",
    journal = "Phys. Lett. B",
    volume = "718",
    pages = "1162--1165",
    year = "2013"
}

@article{Bazavov:2009zn,
    author = "Bazavov, A. and others",
    title = "{Equation of state and QCD transition at finite temperature}",
    eprint = "0903.4379",
    archivePrefix = "arXiv",
    primaryClass = "hep-lat",
    reportNumber = "CU-TP-1189",
    doi = "10.1103/PhysRevD.80.014504",
    journal = "Phys. Rev. D",
    volume = "80",
    pages = "014504",
    year = "2009"
}

@article{HotQCD:2014kol,
    author = "Bazavov, A. and others",
    collaboration = "HotQCD",
    title = "{Equation of state in ( 2+1 )-flavor QCD}",
    eprint = "1407.6387",
    archivePrefix = "arXiv",
    primaryClass = "hep-lat",
    reportNumber = "BNL-105928-2014-JA",
    doi = "10.1103/PhysRevD.90.094503",
    journal = "Phys. Rev. D",
    volume = "90",
    pages = "094503",
    year = "2014"
}


@article{Coleman:2003hs,
    author = "Coleman, Thomas S. and Roos, Matts",
    title = "{Effective degrees of freedom during the radiation era}",
    eprint = "astro-ph/0304281",
    archivePrefix = "arXiv",
    doi = "10.1103/PhysRevD.68.027702",
    journal = "Phys. Rev. D",
    volume = "68",
    pages = "027702",
    year = "2003"
}

@article{Wantz:2009it,
    author = "Wantz, Olivier and Shellard, E. P. S.",
    title = "{Axion Cosmology Revisited}",
    eprint = "0910.1066",
    archivePrefix = "arXiv",
    primaryClass = "astro-ph.CO",
    doi = "10.1103/PhysRevD.82.123508",
    journal = "Phys. Rev. D",
    volume = "82",
    pages = "123508",
    year = "2010"
}

@book{Weinberg:1972kfs,
    author = "Weinberg, Steven",
    title = "{Gravitation and Cosmology}: {Principles and Applications of the General Theory of Relativity}",
    isbn = "978-0-471-92567-5, 978-0-471-92567-5",
    publisher = "John Wiley and Sons",
    address = "New York",
    year = "1972"
}

@article{Cabibbo:1975ig,
    author = "Cabibbo, N. and Parisi, G.",
    title = "{Exponential Hadronic Spectrum and Quark Liberation}",
    reportNumber = "INFN-ROME-620",
    doi = "10.1016/0370-2693(75)90158-6",
    journal = "Phys. Lett. B",
    volume = "59",
    pages = "67--69",
    year = "1975"
}
