@article{Tuchin:2010vs,
    author = "Tuchin, Kirill",
    title = "{Synchrotron radiation by fast fermions in heavy-ion collisions}",
    eprint = "1006.3051",
    archivePrefix = "arXiv",
    primaryClass = "nucl-th",
    reportNumber = "RBRC-845",
    doi = "10.1103/PhysRevC.83.039903",
    journal = "Phys. Rev. C",
    volume = "82",
    pages = "034904",
    year = "2010",
    note = "[Erratum: Phys.Rev.C 83, 039903 (2011)]"
}
@article{Deng:2012pc,
    author = "Deng, Wei-Tian and Huang, Xu-Guang",
    title = "{Event-by-event generation of electromagnetic fields in heavy-ion collisions}",
    eprint = "1201.5108",
    archivePrefix = "arXiv",
    primaryClass = "nucl-th",
    doi = "10.1103/PhysRevC.85.044907",
    journal = "Phys. Rev. C",
    volume = "85",
    pages = "044907",
    year = "2012"
}
@article{Tuchin:2013apa,
    author = "Tuchin, Kirill",
    title = "{Time and space dependence of the electromagnetic field in relativistic heavy-ion collisions}",
    eprint = "1305.5806",
    archivePrefix = "arXiv",
    primaryClass = "hep-ph",
    doi = "10.1103/PhysRevC.88.024911",
    journal = "Phys. Rev. C",
    volume = "88",
    number = "2",
    pages = "024911",
    year = "2013"
}
@article{McLerran:2013hla,
    author = "McLerran, L. and Skokov, V.",
    title = "{Comments About the Electromagnetic Field in Heavy-Ion Collisions}",
    eprint = "1305.0774",
    archivePrefix = "arXiv",
    primaryClass = "hep-ph",
    reportNumber = "BNL-100762-2013-JA",
    doi = "10.1016/j.nuclphysa.2014.05.008",
    journal = "Nucl. Phys. A",
    volume = "929",
    pages = "184--190",
    year = "2014"
}
@article{Gursoy:2014aka,
    author = "Gursoy, Umut and Kharzeev, Dmitri and Rajagopal, Krishna",
    title = "{Magnetohydrodynamics, charged currents and directed flow in heavy ion collisions}",
    eprint = "1401.3805",
    archivePrefix = "arXiv",
    primaryClass = "hep-ph",
    doi = "10.1103/PhysRevC.89.054905",
    journal = "Phys. Rev. C",
    volume = "89",
    number = "5",
    pages = "054905",
    year = "2014"
}
@article{Roy:2015kma,
    author = "Roy, Victor and Pu, Shi and Rezzolla, Luciano and Rischke, Dirk",
    title = "{Analytic Bjorken flow in one-dimensional relativistic magnetohydrodynamics}",
    eprint = "1506.06620",
    archivePrefix = "arXiv",
    primaryClass = "nucl-th",
    doi = "10.1016/j.physletb.2015.08.046",
    journal = "Phys. Lett. B",
    volume = "750",
    pages = "45--52",
    year = "2015"
}
@article{Li:2016tel,
    author = "Li, Hui and Sheng, Xin-li and Wang, Qun",
    title = "{Electromagnetic fields with electric and chiral magnetic conductivities in heavy ion collisions}",
    eprint = "1602.02223",
    archivePrefix = "arXiv",
    primaryClass = "nucl-th",
    reportNumber = "USTC-ICTS-16-01",
    doi = "10.1103/PhysRevC.94.044903",
    journal = "Phys. Rev. C",
    volume = "94",
    number = "4",
    pages = "044903",
    year = "2016"
}
@article{Inghirami:2016iru,
    author = "Inghirami, Gabriele and Del Zanna, Luca and Beraudo, Andrea and Moghaddam, Mohsen Haddadi and Becattini, Francesco and Bleicher, Marcus",
    title = "{Numerical magneto-hydrodynamics for relativistic nuclear collisions}",
    eprint = "1609.03042",
    archivePrefix = "arXiv",
    primaryClass = "hep-ph",
    doi = "10.1140/epjc/s10052-016-4516-8",
    journal = "Eur. Phys. J. C",
    volume = "76",
    number = "12",
    pages = "659",
    year = "2016"
}
@article{Inghirami:2019mkc,
    author = "Inghirami, Gabriele and Mace, Mark and Hirono, Yuji and Del Zanna, Luca and Kharzeev, Dmitri E. and Bleicher, Marcus",
    title = "{Magnetic fields in heavy ion collisions: flow and charge transport}",
    eprint = "1908.07605",
    archivePrefix = "arXiv",
    primaryClass = "hep-ph",
    doi = "10.1140/epjc/s10052-020-7847-4",
    journal = "Eur. Phys. J. C",
    volume = "80",
    number = "3",
    pages = "293",
    year = "2020"
}
@article{Yan:2021zjc,
    author = "Yan, Li and Huang, Xu-Guang",
    title = "{Dynamical evolution of a magnetic field in the preequilibrium quark-gluon plasma}",
    eprint = "2104.00831",
    archivePrefix = "arXiv",
    primaryClass = "nucl-th",
    doi = "10.1103/PhysRevD.107.094028",
    journal = "Phys. Rev. D",
    volume = "107",
    number = "9",
    pages = "094028",
    year = "2023"
}
@article{Wang:2021oqq,
    author = "Wang, Zeyan and Zhao, Jiaxing and Greiner, Carsten and Xu, Zhe and Zhuang, Pengfei",
    title = "{Incomplete electromagnetic response of hot QCD matter}",
    eprint = "2110.14302",
    archivePrefix = "arXiv",
    primaryClass = "hep-ph",
    doi = "10.1103/PhysRevC.105.L041901",
    journal = "Phys. Rev. C",
    volume = "105",
    number = "4",
    pages = "L041901",
    year = "2022"
}

@article{Florkowski:2017olj,
    author = "Florkowski, Wojciech and Heller, Michal P. and Spalinski, Michal",
    title = "{New theories of relativistic hydrodynamics in the LHC era}",
    eprint = "1707.02282",
    archivePrefix = "arXiv",
    primaryClass = "hep-ph",
    doi = "10.1088/1361-6633/aaa091",
    journal = "Rept. Prog. Phys.",
    volume = "81",
    number = "4",
    pages = "046001",
    year = "2018"
}


@article{Song:2007ux,
    author = "Song, Huichao and Heinz, Ulrich W.",
    title = "{Causal viscous hydrodynamics in 2+1 dimensions for relativistic heavy-ion collisions}",
    eprint = "0712.3715",
    archivePrefix = "arXiv",
    primaryClass = "nucl-th",
    reportNumber = "CERN-PH-TH-2007-269",
    doi = "10.1103/PhysRevC.77.064901",
    journal = "Phys. Rev. C",
    volume = "77",
    pages = "064901",
    year = "2008"
}


@book{melrose2008quantum,
  title={Quantum plasmadynamics: unmagnetized plasmas},
  author={Melrose, Donald B},
  volume={735},
  year={2008},
  publisher={Springer},
doi = "10.1007/978-0-387-73903-8"
}

@book{melrose2013quantum,
  title={Quantum plasmadynamics: magnetized plasmas},
  author={Melrose, Donald B},
  volume={854},
  year={2013},
  publisher={Springer},
doi = "10.1007/978-1-4614-4045-1"
}

@article{Romatschke:2015gic,
    author = "Romatschke, Paul",
    title = "{Retarded correlators in kinetic theory: branch cuts, poles and hydrodynamic onset transitions}",
    eprint = "1512.02641",
    archivePrefix = "arXiv",
    primaryClass = "hep-th",
    doi = "10.1140/epjc/s10052-016-4169-7",
    journal = "Eur. Phys. J. C",
    volume = "76",
    number = "6",
    pages = "352",
    year = "2016"
}
@article{Kapusta:1992fm,
    author = "Kapusta, Joseph I.",
    title = "{Screening of static QED electric fields in hot QCD}",
    reportNumber = "PRINT-92-0309 (MINNESOTA)",
    doi = "10.1103/PhysRevD.46.4749",
    journal = "Phys. Rev. D",
    volume = "46",
    pages = "4749--4753",
    year = "1992"
}
@article{Jackson:2019mop,
    author = "Jackson, G.",
    title = "{Two-loop thermal spectral functions with general kinematics}",
    eprint = "1910.07552",
    archivePrefix = "arXiv",
    primaryClass = "hep-ph",
    doi = "10.1103/PhysRevD.100.116019",
    journal = "Phys. Rev. D",
    volume = "100",
    number = "11",
    pages = "116019",
    year = "2019"
}

@article{Drude:1900,
  title={Zur elektronentheorie der metalle},
  author={Drude, Paul},
  journal={Annalen der Physik},
  volume={312},
  number={3},
  pages={687--692},
  year={1902},
  publisher={WILEY-VCH Verlag Leipzig},
doi ={10.1002/andp.19003060312}
}
@article{Aarts:2020dda,
    author = "Aarts, Gert and Nikolaev, Aleksandr",
    title = "{Electrical conductivity of the quark-gluon plasma: perspective from lattice QCD}",
    eprint = "2008.12326",
    archivePrefix = "arXiv",
    primaryClass = "hep-lat",
    doi = "10.1140/epja/s10050-021-00436-5",
    journal = "Eur. Phys. J. A",
    volume = "57",
    number = "4",
    pages = "118",
    year = "2021"
}
@article{Brandt:2012jc,
    author = "Brandt, Bastian B. and Francis, Anthony and Meyer, Harvey B. and Wittig, Hartmut",
    title = "{Thermal Correlators in the \textbackslash{}rho\textbackslash{} channel of two-flavor QCD}",
    eprint = "1212.4200",
    archivePrefix = "arXiv",
    primaryClass = "hep-lat",
    doi = "10.1007/JHEP03(2013)100",
    journal = "JHEP",
    volume = "03",
    pages = "100",
    year = "2013"
}
@article{Amato:2013naa,
    author = "Amato, Alessandro and Aarts, Gert and Allton, Chris and Giudice, Pietro and Hands, Simon and Skullerud, Jon-Ivar",
    title = "{Electrical conductivity of the quark-gluon plasma across the deconfinement transition}",
    eprint = "1307.6763",
    archivePrefix = "arXiv",
    primaryClass = "hep-lat",
    doi = "10.1103/PhysRevLett.111.172001",
    journal = "Phys. Rev. Lett.",
    volume = "111",
    number = "17",
    pages = "172001",
    year = "2013"
}
@article{Aarts:2014nba,
    author = "Aarts, Gert and Allton, Chris and Amato, Alessandro and Giudice, Pietro and Hands, Simon and Skullerud, Jon-Ivar",
    title = "{Electrical conductivity and charge diffusion in thermal QCD from the lattice}",
    eprint = "1412.6411",
    archivePrefix = "arXiv",
    primaryClass = "hep-lat",
    reportNumber = "HIP-2014-34-TH, INT-PUB-14-060, MS-TP-14-40",
    doi = "10.1007/JHEP02(2015)186",
    journal = "JHEP",
    volume = "02",
    pages = "186",
    year = "2015"
}
@article{Brandt:2015aqk,
    author = {Brandt, Bastian B. and Francis, Anthony and J\"ager, Benjamin and Meyer, Harvey B.},
    title = "{Charge transport and vector meson dissociation across the thermal phase transition in lattice QCD with two light quark flavors}",
    eprint = "1512.07249",
    archivePrefix = "arXiv",
    primaryClass = "hep-lat",
    reportNumber = "MITP-15-019",
    doi = "10.1103/PhysRevD.93.054510",
    journal = "Phys. Rev. D",
    volume = "93",
    number = "5",
    pages = "054510",
    year = "2016"
}
@article{Astrakhantsev:2019zkr,
    author = "Astrakhantsev, Nikita and Braguta, V. V. and D'Elia, Massimo and Kotov, A. Yu. and Nikolaev, A. A. and Sanfilippo, Francesco",
    title = "{Lattice study of the electromagnetic conductivity of the quark-gluon plasma in an external magnetic field}",
    eprint = "1910.08516",
    archivePrefix = "arXiv",
    primaryClass = "hep-lat",
    doi = "10.1103/PhysRevD.102.054516",
    journal = "Phys. Rev. D",
    volume = "102",
    number = "5",
    pages = "054516",
    year = "2020"
}
@article{Greif:2014oia,
    author = "Greif, Moritz and Bouras, Ioannis and Greiner, Carsten and Xu, Zhe",
    title = "{Electric conductivity of the quark-gluon plasma investigated using a perturbative QCD based parton cascade}",
    eprint = "1408.7049",
    archivePrefix = "arXiv",
    primaryClass = "nucl-th",
    doi = "10.1103/PhysRevD.90.094014",
    journal = "Phys. Rev. D",
    volume = "90",
    number = "9",
    pages = "094014",
    year = "2014"
}

@article{Kharzeev:2007jp,
    author = "Kharzeev, Dmitri E. and McLerran, Larry D. and Warringa, Harmen J.",
    title = "{The Effects of topological charge change in heavy ion collisions: 'Event by event P and CP violation'}",
    eprint = "0711.0950",
    archivePrefix = "arXiv",
    primaryClass = "hep-ph",
    doi = "10.1016/j.nuclphysa.2008.02.298",
    journal = "Nucl. Phys. A",
    volume = "803",
    pages = "227--253",
    year = "2008"
}
@article{Bass:2000ib,
    author = "Bass, S. A. and Dumitru, A.",
    title = "{Dynamics of hot bulk QCD matter: From the quark gluon plasma to hadronic freezeout}",
    eprint = "nucl-th/0001033",
    archivePrefix = "arXiv",
    doi = "10.1103/PhysRevC.61.064909",
    journal = "Phys. Rev. C",
    volume = "61",
    pages = "064909",
    year = "2000"
}
@article{Muller:2018ibh,
    author = {M\"uller, Berndt and Sch\"afer, Andreas},
    title = "{Chiral magnetic effect and an experimental bound on the late time magnetic field strength}",
    eprint = "1806.10907",
    archivePrefix = "arXiv",
    primaryClass = "hep-ph",
    doi = "10.1103/PhysRevD.98.071902",
    journal = "Phys. Rev. D",
    volume = "98",
    number = "7",
    pages = "071902",
    year = "2018"
}
@article{Letessier:1992xd,
    author = "Letessier, Jean and Tounsi, Ahmed and Heinz, Ulrich W. and Sollfrank, Josef and Rafelski, Johann",
    title = "{Evidence for a high entropy phase in nuclear collisions}",
    eprint = "hep-ph/9711349",
    archivePrefix = "arXiv",
    reportNumber = "PAR-LPTHE-92-37, TPR-92-39, AZPH-TH-92-30",
    doi = "10.1103/PhysRevLett.70.3530",
    journal = "Phys. Rev. Lett.",
    volume = "70",
    pages = "3530--3533",
    year = "1993"
}

@article{Song:2010mg,
    author = "Song, Huichao and Bass, Steffen A. and Heinz, Ulrich and Hirano, Tetsufumi and Shen, Chun",
    title = "{200 A GeV Au+Au collisions serve a nearly perfect quark-gluon liquid}",
    eprint = "1011.2783",
    archivePrefix = "arXiv",
    primaryClass = "nucl-th",
    doi = "10.1103/PhysRevLett.106.192301",
    journal = "Phys. Rev. Lett.",
    volume = "106",
    pages = "192301",
    year = "2011",
    note = "[Erratum: Phys.Rev.Lett. 109, 139904 (2012)]"
}
@article{Stewart:2021mjz,
    author = "Stewart, Evan and Tuchin, Kirill",
    title = "{Continuous evolution of electromagnetic field in heavy-ion collisions}",
    eprint = "2106.09124",
    archivePrefix = "arXiv",
    primaryClass = "nucl-th",
    doi = "10.1016/j.nuclphysa.2021.122308",
    journal = "Nucl. Phys. A",
    volume = "1016",
    pages = "122308",
    year = "2021"
}
@article{DeVries:1987atn,
    author = "De Vries, H. and De Jager, C. W. and De Vries, C.",
    title = "{Nuclear charge and magnetization density distribution parameters from elastic electron scattering}",
    doi = "10.1016/0092-640X(87)90013-1",
    journal = "Atom. Data Nucl. Data Tabl.",
    volume = "36",
    pages = "495--536",
    year = "1987"
}






@article{doi:10.1146/annurev-nucl-021920-095245,
author = {Becattini, Francesco and Lisa, Michael A.},
title = {Polarization and Vorticity in the Quark–Gluon Plasma},
journal = {Annual Review of Nuclear and Particle Science},
volume = {70},
number = {1},
pages = {395-423},
year = {2020},
doi = {10.1146/annurev-nucl-021920-095245},

URL = { 
    
        https://doi.org/10.1146/annurev-nucl-021920-095245
},
eprint = { 
    
        https://doi.org/10.1146/annurev-nucl-021920-095245
}

}


@article{PhysRevC.93.064907,
  title = {Vorticity in heavy-ion collisions},
  author = {Deng, Wei-Tian and Huang, Xu-Guang},
  journal = {Phys. Rev. C},
  volume = {93},
  issue = {6},
  pages = {064907},
  numpages = {16},
  year = {2016},
  month = {Jun},
  publisher = {American Physical Society},
  doi = {10.1103/PhysRevC.93.064907},
  url = {https://link.aps.org/doi/10.1103/PhysRevC.93.064907}
}

@article{PhysRevC.94.044910,
  title = {Rotating quark-gluon plasma in relativistic heavy-ion collisions},
  author = {Jiang, Yin and Lin, Zi-Wei and Liao, Jinfeng},
  journal = {Phys. Rev. C},
  volume = {94},
  issue = {4},
  pages = {044910},
  numpages = {9},
  year = {2016},
  month = {Oct},
  publisher = {American Physical Society},
  doi = {10.1103/PhysRevC.94.044910},
  url = {https://link.aps.org/doi/10.1103/PhysRevC.94.044910}
}

@article{PhysRevC.87.034906,
  title = {Flow vorticity in peripheral high-energy heavy-ion collisions},
  author = {Csernai, L. P. and Magas, V. K. and Wang, D. J.},
  journal = {Phys. Rev. C},
  volume = {87},
  issue = {3},
  pages = {034906},
  numpages = {9},
  year = {2013},
  month = {Mar},
  publisher = {American Physical Society},
  doi = {10.1103/PhysRevC.87.034906},
  url = {https://link.aps.org/doi/10.1103/PhysRevC.87.034906}
}

@article{chernikov1964equilibrium,
  title={Equilibrium distribution of the relativistic gas},
  author={Chernikov, NA180286},
  journal={Acta Phys. Pol},
  volume={26},
  pages={1069--1092},
  year={1964},
    url={https://www.actaphys.uj.edu.pl/fulltext?series=T&vol=26&no=6&page=1069}
}