@article{PhysRevX.14.011028,
  title = {Observation of the Electromagnetic Field Effect via Charge-Dependent Directed Flow in Heavy-Ion Collisions at the Relativistic Heavy Ion Collider},
  author = { Abdulhamid\text{ }et\text{ }al.   },
  collaboration = {STAR Collaboration},
  journal = {Phys. Rev. X},
  volume = {14},
  issue = {1},
  pages = {011028},
  numpages = {12},
  year = {2024},
  month = {Feb},
  publisher = {American Physical Society},
  doi = {10.1103/PhysRevX.14.011028},
  url = {https://link.aps.org/doi/10.1103/PhysRevX.14.011028}
}

@article{Hwang:2021kno,
    author = "Hwang, Eunseok and Jang, Dukjae and Park, Kiwan and Kusakabe, Motohiko and Kajino, Toshitaka and Balantekin, A. Baha and Maruyama, Tomoyuki and Ryu, Chang-Mo and Cheoun, Myung-Ki",
    title = "{Dynamical screening effects on big bang nucleosynthesis}",
    eprint = "2102.09801",
    archivePrefix = "arXiv",
    primaryClass = "nucl-th",
    doi = "10.1088/1475-7516/2021/11/017",
    journal = "JCAP",
    volume = "11",
    pages = "017",
    year = "2021"
}
@article{Rafelski:2023emw,
    author = "Rafelski, Johann and Birrell, Jeremiah and Steinmetz, Andrew and Yang, Cheng Tao",
    title = "{A Short Survey of Matter-Antimatter Evolution in the Primordial Universe}",
    eprint = "2305.09055",
    archivePrefix = "arXiv",
    primaryClass = "hep-th",
    doi = "10.3390/universe9070309",
    journal = "Universe",
    volume = "9",
    number = "7",
    pages = "309",
    year = "2023"
}
@article{Salpeter:1954nc,
    author = "Salpeter, E. E.",
    title = "{Electron screening and thermonuclear reactions}",
    doi = "10.1071/PH540373",
    journal = "Austral. J. Phys.",
    volume = "7",
    pages = "373--388",
    year = "1954"
}
@article{Debye:1923,
  title={Zur theorie der elektrolyte. II},
  author={Debye, Peter and H{\"u}ckel, Erich},
  journal={Das Grenzgesetz f{\"u}r die elektrische Leitf{\"a}higkeit. Phys},
  volume={305},
  year={1923}
}
@article{Salpeter:1969apj,
  title={Nuclear reaction rates at high densities},
  author={Salpeter, EE and Van Horn, HM},
  journal={Astrophysical Journal, vol. 155, p. 183},
  volume={155},
  pages={183},
  year={1969},
doi ={10.1086/149858}
}

@article{Carraro:1988apj,
  title={Dynamic screening of thermonuclear reactions},
  author={Carraro, C and Schafer, A and Koonin, SE},
  journal={Astrophysical Journal, Part 1 (ISSN 0004-637X), vol. 331, Aug. 1, 1988, p. 565-571.},
  volume={331},
  pages={565--571},
  year={1988},
doi = "10.1086/166582",
}
@article{Gruzinov:1997as,
    author = "Gruzinov, Andrei V.",
    title = "{Dynamic screening and thermonuclear reaction rates}",
    eprint = "astro-ph/9702064",
    archivePrefix = "arXiv",
    reportNumber = "IASSNS-AST-97-9",
    doi = "10.1086/305349",
    journal = "Astrophys. J.",
    volume = "496",
    pages = "503",
    year = "1998"
}
@article{Opher:1999jh,
    author = "Opher, Merav and Opher, Reuven",
    title = "{Dynamic screening in thermonuclear reactions}",
    eprint = "astro-ph/9908218",
    archivePrefix = "arXiv",
    doi = "10.1086/308808",
    journal = "Astrophys. J.",
    volume = "535",
    pages = "473--474",
    year = "2000"
}
@article{Yao:2016cjs,
    author = {Yao, Xiaojun and Mehen, Thomas and M\"uller, Berndt},
    title = "{Dynamical screening of \ensuremath{\alpha}-\ensuremath{\alpha} resonant scattering and thermal nuclear scattering rate in a plasma}",
    eprint = "1609.00383",
    archivePrefix = "arXiv",
    primaryClass = "nucl-th",
    doi = "10.1103/PhysRevD.95.116002",
    journal = "Phys. Rev. D",
    volume = "95",
    number = "11",
    pages = "116002",
    year = "2017"
}
@article{Sasankan:2019oee,
    author = "Sasankan, Nishanth and Kedia, Atul and Kusakabe, Motohiko and Mathews, Grant J.",
    title = "{Analysis of the Multi-component Relativistic Boltzmann Equation for Electron Scattering in Big Bang Nucleosynthesis}",
    eprint = "1911.07334",
    archivePrefix = "arXiv",
    primaryClass = "nucl-th",
    doi = "10.1103/PhysRevD.101.123532",
    journal = "Phys. Rev. D",
    volume = "101",
    number = "12",
    pages = "123532",
    year = "2020"
}
@article{Kedia:2020xdc,
    author = "Kedia, Atul and Sasankan, Nishanth and Mathews, Grant J. and Kusakabe, Motohiko",
    title = "{Simulations of Multi-Component Relativistic Thermalization}",
    eprint = "2004.13186",
    archivePrefix = "arXiv",
    primaryClass = "cond-mat.stat-mech",
    doi = "10.1103/PhysRevE.103.032101",
    journal = "Phys. Rev. E",
    volume = "103",
    pages = "032101",
    year = "2021"
}

@article{Pitrou:2021vqr,
    author = "Pitrou, Cyril and Coc, Alain and Uzan, Jean-Philippe and Vangioni, Elisabeth",
    title = "{Resolving conclusions about the early Universe requires accurate nuclear measurements}",
    eprint = "2104.11148",
    archivePrefix = "arXiv",
    primaryClass = "astro-ph.CO",
    doi = "10.1038/s42254-021-00294-6",
    journal = "Nature Rev. Phys.",
    volume = "3",
    number = "4",
    pages = "231--232",
    year = "2021"
}
@article{Bertulani:2022qly,
    author = "Bertulani, Carlos A. and Hall, Francis W. and Santoyo, Benjamin I.",
    title = "{Big Bang nucleosynthesis as a probe of new physics}",
    eprint = "2210.04071",
    archivePrefix = "arXiv",
    primaryClass = "nucl-th",
    doi = "10.1051/epjconf/202327501003",
    journal = "EPJ Web Conf.",
    volume = "275",
    pages = "01003",
    year = "2023"
}
@article{Meissner:2023voo,
    author = "Mei\ss{}ner, Ulf-G. and Metsch, Bernard Ch. and Meyer, Helen",
    title = "{The electromagnetic fine-structure constant in primordial nucleosynthesis revisited}",
    eprint = "2305.15849",
    archivePrefix = "arXiv",
    primaryClass = "hep-th",
    doi = "10.1140/epja/s10050-023-01131-3",
    journal = "Eur. Phys. J. A",
    volume = "59",
    number = "10",
    pages = "223",
    year = "2023"
}
@article{Haro:2023JWST,
  title={Spectroscopic verification of very luminous galaxy candidates in the early universe},
  author={Arrabal Haro, Pablo and Dickinson, Mark and Finkelstein, Steven L and Kartaltepe, Jeyhan S and Donnan, Callum T and Burgarella, Denis and Carnall, Adam and Cullen, Fergus and Dunlop, James S and Fern{\'a}ndez, Vital and others},
  journal={arXiv e-prints},
  pages={arXiv--2303},
  year={2023}
}
@article{Sabti:2023xwo,
    author = "Sabti, Nashwan and Mu\~noz, Julian B. and Kamionkowski, Marc",
    title = "{Insights from HST into Ultramassive Galaxies and Early-Universe Cosmology}",
    eprint = "2305.07049",
    archivePrefix = "arXiv",
    primaryClass = "astro-ph.CO",
    doi = "10.1103/PhysRevLett.132.061002",
    journal = "Phys. Rev. Lett.",
    volume = "132",
    number = "6",
    pages = "061002",
    year = "2024"
}
@article{Ilie:2023DM,
  title={Supermassive Dark Star candidates seen by JWST},
  author={Ilie, Cosmin and Paulin, Jillian and Freese, Katherine},
  journal={Proceedings of the National Academy of Sciences},
  volume={120},
  number={30},
  pages={e2305762120},
  year={2023},
  publisher={National Acad Sciences},
doi ="10.1073/pnas.2305762120"
}

@article{Montgomery:1970jpp,
doi = {10.1088/0032-1028/10/7/304},
url = {https://dx.doi.org/10.1088/0032-1028/10/7/304},
year = {1968},
month = {jan},
publisher={IOP Publishing},
volume = {10},
number = {7},
pages = {681},
author = {D Montgomery and  G Joyce and  Ryo Sugihara},
title = {Inverse third power law for the shielding of test particles},
journal = {Plasma Physics}
}

@article{Stenflo:1973,
  title={Shielding of a slow test charge in a collisional plasma},
  author={Stenflo, L and Yu, MY and Shukla, PK},
  journal={Physics of Fluids},
  volume={16},
  number={3},
  pages={450--452},
  year={1973},
doi ="10.1063/1.1694361"
}
@book{Shukla:2002ppcf,
  title={Introduction to dusty plasma physics},
  author={Shukla, Padma K and Mamun, AA},
  year={2015},
  publisher={CRC press},
doi ="doi:10.1088/0741-3335/44/3/701"
}
@article{Lampe:2000pop,
  title={Interactions between dust grains in a dusty plasma},
  author={Lampe, Martin and Joyce, Glenn and Ganguli, Gurudas and Gavrishchaka, Valeriy},
  journal={Physics of Plasmas},
  volume={7},
  number={10},
  pages={3851--3861},
  year={2000},
  publisher={AIP Publishing},
doi="10.1063/1.1288910"
}
@article{Grayson:2022asf,
    author = "Grayson, Christopher and Formanek, Martin and Rafelski, Johann and Mueller, Berndt",
    title = "{Dynamic magnetic response of the quark-gluon plasma to electromagnetic fields}",
    eprint = "2204.14186",
    archivePrefix = "arXiv",
    primaryClass = "hep-ph",
    doi = "10.1103/PhysRevD.106.014011",
    journal = "Phys. Rev. D",
    volume = "106",
    number = "1",
    pages = "014011",
    year = "2022"
}

@article{ParticleDataGroup:2022pth,
  title={Review of particle physics},
  author={Particle Data Group and Workman, RL and Burkert, VD and Crede, V and Klempt, E and Thoma, U and Tiator, L and Agashe, K and Aielli, G and Allanach, BC and others},
  journal={Progress of theoretical and experimental physics},
  volume={2022},
  number={8},
  pages={083C01},
  year={2022},
  publisher={Oxford University Press},
doi ="10.1093/ptep/ptac097"
}



@article{Steinmetz:2023abc,
    author = "Steinmetz, Andrew and Yang, Cheng Tao and Rafelski, Johann",
    title = "{Matter-antimatter origin of cosmic magnetism}",
    eprint = "2308.14818",
    archivePrefix = "arXiv",
    primaryClass = "hep-ph",
    doi = "10.1103/PhysRevD.108.123522",
    journal = "Phys. Rev. D",
    volume = "108",
    number = "12",
    pages = "123522",
    year = "2023"
}
@article{Shukla1996,
    author = {Shukla, P. K. and Rao, N. N.},
    title = "{Coulomb crystallization in colloidal plasmas with streaming ions and dust grains}",
    journal = {Physics of Plasmas},
    volume = {3},
    number = {5},
    pages = {1770-1772},
    year = {1996},
    month = {05},
    issn = {1070-664X},
    doi = {10.1063/1.871695},
    url = {https://doi.org/10.1063/1.871695},
    eprint = {https://pubs.aip.org/aip/pop/article-pdf/3/5/1770/19193668/1770\_1\_online.pdf},
}
@article{Hakim:1967prd,
  title = {Relativistic Perfect Gas in an External Force Field},
  author = {Hakim, Remi},
  journal = {Phys. Rev.},
  volume = {162},
  issue = {1},
  pages = {128--133},
  numpages = {0},
  year = {1967},
  month = {Oct},
  publisher = {American Physical Society},
  doi = {10.1103/PhysRev.162.128},
  url = {https://link.aps.org/doi/10.1103/PhysRev.162.128}
}
@book{DeGroot:1980dk,
    author = "De Groot, S. R. and Van Leeuwen, W. A. and Van Weert, C. G.",
    publisher ="North Holland",
    title = "{Relativistic Kinetic Theory. Principles and Applications}",
    year = "1980"
}
@article{Gouy:1910,
  title={Sur la constitution de la charge \'electrique \`a la surface d’un \'electrolyte},
  author={M. Gouy},
  journal={J. Phys. Theor. Appl.},
  volume={9},
  number={1},
  pages={457--468},
  year={1910},
 doi = {10.1051/jphystap:019100090045700 }
}
@article{Thomas:1994prl,
  title = {Plasma Crystal: Coulomb Crystallization in a Dusty Plasma},
  author = {Thomas, H. and Morfill, G. E. and Demmel, V. and Goree, J. and Feuerbacher, B. and M\"ohlmann, D.},
  journal = {Phys. Rev. Lett.},
  volume = {73},
  issue = {5},
  pages = {652--655},
  numpages = {0},
  year = {1994},
  month = {Aug},
  publisher = {American Physical Society},
  doi = {10.1103/PhysRevLett.73.652},
  url = {https://link.aps.org/doi/10.1103/PhysRevLett.73.652}
}
@article{Gupta:2023mn,
    author = {Gupta, Rajendra P},
    title = "{JWST early Universe observations and $\Lambda$CDM cosmology}",
    journal = {Monthly Notices of the Royal Astronomical Society},
    volume = {524},
    number = {3},
    pages = {3385-3395},
    year = {2023},
    month = {07},
    issn = {0035-8711},
    doi = {10.1093/mnras/stad2032},
    url = {https://doi.org/10.1093/mnras/stad2032},
    eprint = {https://academic.oup.com/mnras/article-pdf/524/3/3385/51015444/stad2032.pdf},
}
@article{Labaune:2013dla,
    author = "Labaune, C. and Baccou, C. and Depierreux, S. and Goyon, C. and Loisel, G. and Yahia, V. and Rafelski, J.",
    title = "{Fusion reactions initiated by laser-accelerated particle beams in a laser-produced plasma}",
    eprint = "1310.2002",
    archivePrefix = "arXiv",
    primaryClass = "physics.plasm-ph",
    doi = "10.1038/ncomms3506",
    journal = "Nature Commun.",
    volume = "4",
    pages = "2506",
    year = "2013"
}

@article{Margarone:2022mdpi,
  title={In-target proton--boron nuclear fusion using a PW-class laser},
  author={Margarone, Daniele and Bonvalet, Julien and Giuffrida, Lorenzo and Morace, Alessio and Kantarelou, Vasiliki and Tosca, Marco and Raffestin, Didier and Nicolai, Philippe and Picciotto, Antonino and Abe, Yuki and others},
  journal={MDPI Applied sciences},
  volume={12},
  number={3},
  pages={1444},
  year={2022},
  publisher={Multidisciplinary Digital Publishing Institute},
doi ={10.3390/app12031444}
}
@article{Buyukcizmeci:2023azb,
    author = "Buyukcizmeci, N. and Reichert, T. and Botvina, A. S. and Bleicher, M.",
    title = "{Nucleosynthesis of light nuclei and hypernuclei in central Au+Au collisions at sNN=3 GeV}",
    eprint = "2306.17145",
    archivePrefix = "arXiv",
    primaryClass = "nucl-th",
    doi = "10.1103/PhysRevC.108.054904",
    journal = "Phys. Rev. C",
    volume = "108",
    number = "5",
    pages = "054904",
    year = "2023"
}
@article{Zhao:2020jqu,
    author = "Zhao, Jiaxing and Zhou, Kai and Chen, Shile and Zhuang, Pengfei",
    title = "{Heavy flavors under extreme conditions in high energy nuclear collisions}",
    eprint = "2005.08277",
    archivePrefix = "arXiv",
    primaryClass = "nucl-th",
    doi = "10.1016/j.ppnp.2020.103801",
    journal = "Prog. Part. Nucl. Phys.",
    volume = "114",
    pages = "103801",
    year = "2020"
}

@article{bahcall2001solar,
doi = {10.1086/321493},
url = {https://dx.doi.org/10.1086/321493},
year = {2001},
month = {jul},
publisher = {},
volume = {555},
number = {2},
pages = {990},
author = {John N. Bahcall and M. H. Pinsonneault and Sarbani Basu},
title = {Solar Models: Current Epoch and Time Dependences, Neutrinos, and Helioseismological Properties},
journal = {The Astrophysical Journal}
}



@article{PhysRevC.89.015802,
  title = {Strong plasma screening in thermonuclear reactions: Electron drop model},
  author = {Kravchuk, P. A. and Yakovlev, D. G.},
  journal = {Phys. Rev. C},
  volume = {89},
  issue = {1},
  pages = {015802},
  numpages = {14},
  year = {2014},
  month = {Jan},
  publisher = {American Physical Society},
  doi = {10.1103/PhysRevC.89.015802},
  url = {https://link.aps.org/doi/10.1103/PhysRevC.89.015802}
}

@article{ferreira2023jwst,
doi = {10.3847/1538-4357/acec76},
url = {https://dx.doi.org/10.3847/1538-4357/acec76},
year = {2023},
month = {sep},
publisher = {The American Astronomical Society},
volume = {955},
number = {2},
pages = {94},
author = {Leonardo Ferreira and Christopher J. Conselice and Elizaveta Sazonova and Fabricio Ferrari and Joseph Caruana and Clár-Bríd Tohill and Geferson Lucatelli and Nathan Adams and Dimitrios Irodotou and Madeline A. Marshall and Will J. Roper and Christopher C. Lovell and Aprajita Verma and Duncan Austin and James Trussler and Stephen M. Wilkins},
title = {The JWST Hubble Sequence: The Rest-frame Optical Evolution of Galaxy Structure at $1.5 > z > 6.5$},
journal = {The Astrophysical Journal}
}



@article{rafelski2013connecting,
  title={Connecting qgp-heavy ion physics to the early universe},
  author={Rafelski, Johann},
  journal={Nuclear Physics B-Proceedings Supplements},
  volume={243},
  pages={155--162},
  year={2013},
  publisher={Elsevier}
}
@article{
doi:10.1073/pnas.1914599117,
author = {Håkan Wennerström  and Eloy Vallina Estrada  and Jens Danielsson  and Mikael Oliveberg },
title = {Colloidal stability of the living cell},
journal = {Proceedings of the National Academy of Sciences},
volume = {117},
number = {19},
pages = {10113-10121},
year = {2020},
doi = {10.1073/pnas.1914599117},
URL = {https://www.pnas.org/doi/abs/10.1073/pnas.1914599117},
eprint = {https://www.pnas.org/doi/pdf/10.1073/pnas.1914599117},
}
@mastersthesis{Yang:2024ret,
    author = "Yang, Cheng Tao",
    title = "{Elementary Particles and Plasma in the First Hour of the Early Universe}",
    eprint = "2401.09653",
    archivePrefix = "arXiv",
    primaryClass = "hep-ph",
    type = "Thesis",
    month = "1",
    year = "2024",
    School = "The University of Arizona"
}
@article{Zhang_2020,
doi = {10.3847/1538-4357/ab8222},
url = {https://dx.doi.org/10.3847/1538-4357/ab8222},
year = {2020},
month = {apr},
publisher = {The American Astronomical Society},
volume = {893},
number = {2},
pages = {126},
author = {Qian Zhang and Zhenglin Huang and Jun Hu and Bingjun Chen and Suqing Hou and Tieshan Wang and Kaihong Fang},
title = {Astrophysical S(E) for the $9\text{Be}(p, d)^8\text{Be}$ and $^9\text{Be}(p, \alpha)^6\text{Li}$ Reactions by Direct Measurement},
journal = {The Astrophysical Journal}
}
@article{PhysRevD.26.2789,
  title = {Effective fermion masses of order $\mathrm{gT}$ in high-temperature gauge theories with exact chiral invariance},
  author = {Weldon, H. Arthur},
  journal = {Phys. Rev. D},
  volume = {26},
  issue = {10},
  pages = {2789--2796},
  numpages = {0},
  year = {1982},
  month = {Nov},
  publisher = {American Physical Society},
  doi = {10.1103/PhysRevD.26.2789},
  url = {https://link.aps.org/doi/10.1103/PhysRevD.26.2789}
}
