@article{Formanek:2021blc,
    author = {Formanek, Martin and Grayson, Christopher and Rafelski, Johann and M\"uller, Berndt},
    title = "{Current-conserving relativistic linear response for collisional plasmas}",
    eprint = "2105.07897",
    archivePrefix = "arXiv",
    primaryClass = "physics.plasm-ph",
    doi = "10.1016/j.aop.2021.168605",
    journal = "Annals Phys.",
    volume = "434",
    pages = "168605",
    year = "2021"
}

%%%%%%%%%%%%%%%%%%%%%%%%%%%%%%%%%%%%%%%%%%%%%%%%%%%%%%%%%%%%%%%%%%%%%%%%%%%%%%%%%%%%%%%%%%%%%%%%

@article{Price:2021zqq,
    author = "Price, Will and Formanek, Martin and Rafelski, Johann",
    title = "{Radiation reaction and limiting acceleration}",
    eprint = "2112.04444",
    archivePrefix = "arXiv",
    primaryClass = "hep-ph",
    doi = "10.1103/PhysRevD.105.016024",
    journal = "Phys. Rev. D",
    volume = "105",
    number = "1",
    pages = "016024",
    year = "2022"
}

@article{Gonoskov:2021hwf,
    author = "Gonoskov, A. and Blackburn, T. G. and Marklund, M. and Bulanov, S. S.",
    title = "{Charged particle motion and radiation in strong electromagnetic fields}",
    eprint = "2107.02161",
    archivePrefix = "arXiv",
    primaryClass = "physics.plasm-ph",
    doi = "10.1103/RevModPhys.94.045001",
    journal = "Rev. Mod. Phys.",
    volume = "94",
    number = "4",
    pages = "045001",
    year = "2022"
}

@article{Zhou:2021vru,
    author = "Zhou, F. and others",
    title = "{Commissioning of the SLAC Linac Coherent Light Source II electron source}",
    doi = "10.1103/PhysRevAccelBeams.24.073401",
    journal = "Phys. Rev. Accel. Beams",
    volume = "24",
    number = "7",
    pages = "073401",
    year = "2021"
}

@article{Assmann:2020smm,
    author = "Assmann, R. W. and others",
    title = "{EuPRAXIA Conceptual Design Report}",
    doi = "10.1140/epjst/e2020-000127-8",
    journal = "Eur. Phys. J. ST",
    volume = "229",
    number = "24",
    pages = "3675--4284",
    year = "2020",
    note = "[Erratum: Eur.Phys.J.ST 229, 11--31 (2020)]"
}

@article{Decking:2020bct,
    author = "Decking, W. and others",
    title = "{A MHz-repetition-rate hard X-ray free-electron laser driven by a superconducting linear accelerator}",
    doi = "10.1038/s41566-020-0607-z",
    journal = "Nature Photon.",
    volume = "14",
    number = "6",
    pages = "391--397",
    year = "2020"
}

@article{Formanek:2020zwc,
    author = "Formanek, Martin and Steinmetz, Andrew and Rafelski, Johann",
    title = "{Radiation reaction friction: Resistive material medium}",
    eprint = "2004.09634",
    archivePrefix = "arXiv",
    primaryClass = "hep-ph",
    doi = "10.1103/PhysRevD.102.056015",
    journal = "Phys. Rev. D",
    volume = "102",
    number = "5",
    pages = "056015",
    year = "2020"
}

@article{Evans:2018kor,
    author = "Evans, Stefan and Rafelski, Johann",
    title = "{Vacuum stabilized by anomalous magnetic moment}",
    eprint = "1805.03622",
    archivePrefix = "arXiv",
    primaryClass = "hep-ph",
    doi = "10.1103/PhysRevD.98.016006",
    journal = "Phys. Rev. D",
    volume = "98",
    number = "1",
    pages = "016006",
    year = "2018"
}

@article{Rafelski:2017hce,
    author = "Rafelski, Johann and Formanek, Martin and Steinmetz, Andrew",
    title = "{Relativistic Dynamics of Point Magnetic Moment}",
    eprint = "1712.01825",
    archivePrefix = "arXiv",
    primaryClass = "physics.class-ph",
    doi = "10.1140/epjc/s10052-017-5493-2",
    journal = "Eur. Phys. J. C",
    volume = "78",
    number = "1",
    pages = "6",
    year = "2018"
}

@article{Moxon:2017ozd,
    author = "Moxon, Jordan and Flanagan, \'Eanna",
    title = "{Radiation-Reaction Force on a Small Charged Body to Second Order}",
    eprint = "1711.05212",
    archivePrefix = "arXiv",
    primaryClass = "gr-qc",
    doi = "10.1103/PhysRevD.97.105001",
    journal = "Phys. Rev. D",
    volume = "97",
    number = "10",
    pages = "105001",
    year = "2018"
}

@article{Huet:2017ydx,
    author = "Huet, Idrish and Rausch de Traubenberg, Michel and Schubert, Christian",
    title = "{Asymptotic Behaviour of the QED Perturbation Series}",
    eprint = "1707.07655",
    archivePrefix = "arXiv",
    primaryClass = "hep-th",
    doi = "10.1155/2017/6214341",
    journal = "Adv. High Energy Phys.",
    volume = "2017",
    pages = "6214341",
    year = "2017"
}

@book{Jegerlehner:2017gek,
    author = "Jegerlehner, Friedrich",
    title = "{The Anomalous Magnetic Moment of the Muon}",
    doi = "10.1007/978-3-319-63577-4",
    publisher = "Springer",
    address = "Cham",
    volume = "274",
    year = "2017"
}

@article{Gies:2016yaa,
    author = "Gies, Holger and Karbstein, Felix",
    title = "{An Addendum to the Heisenberg-Euler effective action beyond one loop}",
    eprint = "1612.07251",
    archivePrefix = "arXiv",
    primaryClass = "hep-th",
    doi = "10.1007/JHEP03(2017)108",
    month = "12",
    year = "2016",
    note = "[Addendum: JHEP 03, 108 (2017)]"
}

@article{Eichmann:2016yit,
    author = "Eichmann, Gernot and Sanchis-Alepuz, Helios and Williams, Richard and Alkofer, Reinhard and Fischer, Christian S.",
    title = "{Baryons as relativistic three-quark bound states}",
    eprint = "1606.09602",
    archivePrefix = "arXiv",
    primaryClass = "hep-ph",
    doi = "10.1016/j.ppnp.2016.07.001",
    journal = "Prog. Part. Nucl. Phys.",
    volume = "91",
    pages = "1--100",
    year = "2016"
}

@article{Rafelski:2016ixr,
    author = {Rafelski, Johann and Kirsch, Johannes and M\"uller, Berndt and Reinhardt, Joachim and Greiner, Walter},
    editor = {Schramm, Stefan and Sch\"afer, Mirko},
    title = "{Probing QED Vacuum with Heavy Ions}",
    eprint = "1604.08690",
    archivePrefix = "arXiv",
    primaryClass = "nucl-th",
    doi = "10.1007/978-3-319-44165-8_17",
    journal = "FIAS Interdisc. Sci. Ser.",
    pages = "211--251",
    year = "2017"
}

@article{Gavrilov:2015yha,
    author = "Gavrilov, S. P. and Gitman, D. M.",
    title = "{Quantization of charged fields in the presence of critical potential steps}",
    eprint = "1506.01156",
    archivePrefix = "arXiv",
    primaryClass = "hep-th",
    doi = "10.1103/PhysRevD.93.045002",
    journal = "Phys. Rev. D",
    volume = "93",
    number = "4",
    pages = "045002",
    year = "2016"
}

@article{Altmannshofer:2015qra,
    author = "Altmannshofer, Wolfgang and Brod, Joachim and Schmaltz, Martin",
    title = "{Experimental constraints on the coupling of the Higgs boson to electrons}",
    eprint = "1503.04830",
    archivePrefix = "arXiv",
    primaryClass = "hep-ph",
    reportNumber = "MITP-15-010",
    doi = "10.1007/JHEP05(2015)125",
    journal = "JHEP",
    volume = "05",
    pages = "125",
    year = "2015"
}

@article{Ferrer:2015wca,
    author = "Ferrer, E. J. and de la Incera, V. and Manreza Paret, D. and P\'erez Mart\'\i{}nez, A. and Sanchez, A.",
    title = "{Insignificance of the anomalous magnetic moment of charged fermions for the equation of state of a magnetized and dense medium}",
    eprint = "1501.06616",
    archivePrefix = "arXiv",
    primaryClass = "hep-ph",
    doi = "10.1103/PhysRevD.91.085041",
    journal = "Phys. Rev. D",
    volume = "91",
    number = "8",
    pages = "085041",
    year = "2015"
}

@article{Pacetti:2014jai,
    author = "Pacetti, S. and Baldini Ferroli, R. and Tomasi-Gustafsson, E.",
    title = "{Proton electromagnetic form factors: Basic notions, present achievements and future perspectives}",
    doi = "10.1016/j.physrep.2014.09.005",
    journal = "Phys. Rept.",
    volume = "550-551",
    pages = "1--103",
    year = "2015"
}

@phdthesis{Kravets:2014lca,
    author = "Kravets, Yevgen",
    title = "{Radiation reaction in strong fields from an alternative perspective}",
    eprint = "1408.4411",
    archivePrefix = "arXiv",
    primaryClass = "hep-ph",
    school = "Strathclyde U.",
    year = "2014"
}

@book{Schwartz:2014sze,
    author = "Schwartz, Matthew D.",
    title = "{Quantum Field Theory and the Standard Model}",
    isbn = "978-1-107-03473-0, 978-1-107-03473-0",
    publisher = "Cambridge University Press",
    month = "3",
    year = "2014"
}

@article{Elkina:2014dza,
    author = "Elkina, N. V. and Fedotov, A. M. and Herzing, C. and Ruhl, H.",
    title = "{Accurate numerical simulation of radiation reaction effects in strong electromagnetic fields}",
    eprint = "1401.7881",
    archivePrefix = "arXiv",
    primaryClass = "physics.plasm-ph",
    month = "1",
    year = "2014"
}

@article{Shovkovy:2012zn,
    author = "Shovkovy, Igor A.",
    title = "{Magnetic Catalysis: A Review}",
    eprint = "1207.5081",
    archivePrefix = "arXiv",
    primaryClass = "hep-ph",
    doi = "10.1007/978-3-642-37305-3_2",
    journal = "Lect. Notes Phys.",
    volume = "871",
    pages = "13--49",
    year = "2013"
}

@article{OConnell:2012dxm,
    author = "O'Connell, R. F.",
    title = "{Radiation Reaction: General approach and applications, especially to electrodynamics}",
    eprint = "1204.5699",
    archivePrefix = "arXiv",
    primaryClass = "quant-ph",
    doi = "10.1080/00107514.2012.688563",
    journal = "Contemp. Phys.",
    volume = "53",
    pages = "301--313",
    year = "2012"
}

@article{Labun:2012jf,
    author = "Labun, Lance and Rafelski, Johann",
    title = "{Acceleration and Vacuum Temperature}",
    eprint = "1203.6148",
    archivePrefix = "arXiv",
    primaryClass = "hep-ph",
    doi = "10.1103/PhysRevD.86.041701",
    journal = "Phys. Rev. D",
    volume = "86",
    pages = "041701",
    year = "2012"
}

@article{Angeles-Martinez:2011wpn,
    author = "Angeles-Martinez, Rene and Napsuciale, Mauro",
    title = "{Renormalization of the QED of second order spin 1/2 fermions}",
    eprint = "1112.1134",
    archivePrefix = "arXiv",
    primaryClass = "hep-ph",
    doi = "10.1103/PhysRevD.85.076004",
    journal = "Phys. Rev. D",
    volume = "85",
    pages = "076004",
    year = "2012"
}

@article{VaqueraAraujo:2012qa,
    author = "Vaquera-Araujo, Carlos A. and Napsuciale, Mauro and Angeles-Martinez, Rene",
    title = "{Renormalization of the QED of Self-Interacting Second Order Spin 1/2 Fermions}",
    eprint = "1205.1557",
    archivePrefix = "arXiv",
    primaryClass = "hep-ph",
    doi = "10.1007/JHEP01(2013)011",
    journal = "JHEP",
    volume = "01",
    pages = "011",
    year = "2013"
}

@article{DiPiazza:2011tq,
    author = "Di Piazza, A. and Muller, C. and Hatsagortsyan, K. Z. and Keitel, C. H.",
    title = "{Extremely high-intensity laser interactions with fundamental quantum systems}",
    eprint = "1111.3886",
    archivePrefix = "arXiv",
    primaryClass = "hep-ph",
    doi = "10.1103/RevModPhys.84.1177",
    journal = "Rev. Mod. Phys.",
    volume = "84",
    pages = "1177",
    year = "2012"
}

@article{Hanneke:2010au,
    author = "Hanneke, D. and Hoogerheide, S. Fogwell and Gabrielse, G.",
    title = "{Cavity Control of a Single-Electron Quantum Cyclotron: Measuring the Electron Magnetic Moment}",
    eprint = "1009.4831",
    archivePrefix = "arXiv",
    primaryClass = "physics.atom-ph",
    doi = "10.1103/PhysRevA.83.052122",
    journal = "Phys. Rev. A",
    volume = "83",
    pages = "052122",
    year = "2011"
}

@article{DiPiazza:2010mv,
    author = "Di Piazza, A. and Hatsagortsyan, K. Z. and Keitel, C. H.",
    title = "{Quantum radiation reaction effects in multiphoton Compton scattering}",
    eprint = "1007.4914",
    archivePrefix = "arXiv",
    primaryClass = "hep-ph",
    doi = "10.1103/PhysRevLett.105.220403",
    journal = "Phys. Rev. Lett.",
    volume = "105",
    pages = "220403",
    year = "2010"
}

@article{Hadad:2010mt,
    author = "Hadad, Y. and Labun, L. and Rafelski, J. and Elkina, N. and Klier, C. and Ruhl, H.",
    title = "{Effects of Radiation-Reaction in Relativistic Laser Acceleration}",
    eprint = "1005.3980",
    archivePrefix = "arXiv",
    primaryClass = "hep-ph",
    doi = "10.1103/PhysRevD.82.096012",
    journal = "Phys. Rev. D",
    volume = "82",
    pages = "096012",
    year = "2010"
}

@article{Kim:2009pg,
    author = "Kim, Sang Pyo and Lee, Hyun Kyu and Yoon, Yongsung",
    title = "{Effective Action of QED in Electric Field Backgrounds II. Spatially Localized Fields}",
    eprint = "0910.3363",
    archivePrefix = "arXiv",
    primaryClass = "hep-th",
    doi = "10.1103/PhysRevD.82.025015",
    journal = "Phys. Rev. D",
    volume = "82",
    pages = "025015",
    year = "2010"
}

@article{Kim:2016xvg,
    author = "Kim, Sang Pyo",
    title = "{Complex Effective Action and Schwinger Effect}",
    eprint = "1611.08102",
    archivePrefix = "arXiv",
    primaryClass = "hep-th",
    journal = "The Universe",
    volume = "4",
    number = "2",
    pages = "8--16",
    year = "2016"
}

@article{PauchyHwang:2009rz,
    author = "Pauchy Hwang, W-Y. and Kim, Sang Pyo",
    title = "{Vacuum Persistence and Inversion of Spin Statistics in Strong QED}",
    eprint = "0906.3813",
    archivePrefix = "arXiv",
    primaryClass = "hep-th",
    doi = "10.1103/PhysRevD.80.065004",
    journal = "Phys. Rev. D",
    volume = "80",
    pages = "065004",
    year = "2009"
}

@article{Gralla:2009md,
    author = "Gralla, Samuel E. and Harte, Abraham I. and Wald, Robert M.",
    title = "{A Rigorous Derivation of Electromagnetic Self-force}",
    eprint = "0905.2391",
    archivePrefix = "arXiv",
    primaryClass = "gr-qc",
    doi = "10.1103/PhysRevD.80.024031",
    journal = "Phys. Rev. D",
    volume = "80",
    pages = "024031",
    year = "2009"
}

@article{Jegerlehner:2009ry,
    author = "Jegerlehner, Fred and Nyffeler, Andreas",
    title = "{The Muon g-2}",
    eprint = "0902.3360",
    archivePrefix = "arXiv",
    primaryClass = "hep-ph",
    reportNumber = "HU-EP-09-07, HRI-P-09-02-001, RECAPP-HRI-2009-003",
    doi = "10.1016/j.physrep.2009.04.003",
    journal = "Phys. Rept.",
    volume = "477",
    pages = "1--110",
    year = "2009"
}

@article{Bakke:2008xt,
    author = "Bakke, K. and Nascimento, J. R. and Furtado, C.",
    title = "{Geometric Phase for Neutral Particle in the Presence of a Topological Defect}",
    eprint = "0803.3428",
    archivePrefix = "arXiv",
    primaryClass = "hep-th",
    doi = "10.1103/PhysRevD.78.064012",
    journal = "Phys. Rev. D",
    volume = "78",
    pages = "064012",
    year = "2008"
}

@article{Abele:2008zz,
    author = "Abele, Hartmut",
    title = "{The neutron. Its properties and basic interactions}",
    doi = "10.1016/j.ppnp.2007.05.002",
    journal = "Prog. Part. Nucl. Phys.",
    volume = "60",
    pages = "1--81",
    year = "2008"
}

@article{Crispino:2007eb,
    author = "Crispino, Luis C. B. and Higuchi, Atsushi and Matsas, George E. A.",
    title = "{The Unruh effect and its applications}",
    eprint = "0710.5373",
    archivePrefix = "arXiv",
    primaryClass = "gr-qc",
    doi = "10.1103/RevModPhys.80.787",
    journal = "Rev. Mod. Phys.",
    volume = "80",
    pages = "787--838",
    year = "2008"
}

@article{Holstein:2006ry,
    author = "Holstein, Barry R.",
    title = "{Factorization in graviton scattering and the 'natural' value of the g factor}",
    doi = "10.1103/PhysRevD.74.085002",
    journal = "Phys. Rev. D",
    volume = "74",
    pages = "085002",
    year = "2006"
}

@article{Passos:2006uw,
    author = "Passos, E. and Ribeiro, L. R. and Furtado, C. and Nascimento, J. R.",
    title = "{The Noncommutative Anandan's quantum phase}",
    eprint = "hep-th/0610222",
    archivePrefix = "arXiv",
    doi = "10.1103/PhysRevA.76.012113",
    journal = "Phys. Rev. A",
    volume = "76",
    pages = "012113",
    year = "2007"
}

@article{Holstein:2006wi,
    author = "Holstein, Barry R.",
    title = "{How Large is the 'natural' magnetic moment?}",
    eprint = "hep-ph/0607187",
    archivePrefix = "arXiv",
    doi = "10.1119/1.2345655",
    journal = "Am. J. Phys.",
    volume = "74",
    pages = "1104--1111",
    year = "2006"
}

@inbook{Dunne:2004nc,
    author = "Dunne, Gerald V.",
    editor = "Shifman, M. and Vainshtein, A. and Wheater, J.",
    title = "{Heisenberg-Euler effective Lagrangians: Basics and extensions}",
    booktitle = "{From fields to strings: Circumnavigating theoretical physics. Ian Kogan memorial collection (3 volume set)}",
    eprint = "hep-th/0406216",
    archivePrefix = "arXiv",
    doi = "10.1142/9789812775344_0014",
    pages = "445--522",
    month = "6",
    year = "2004"
}

@article{Bulanov:2004de,
    author = "Bulanov, S. S. and Narozhny, N. B. and Mur, V. D. and Popov, V. S.",
    title = "{On e+ e- pair production by a focused laser pulse in vacuum}",
    eprint = "hep-ph/0403163",
    archivePrefix = "arXiv",
    doi = "10.1016/j.physleta.2004.07.013",
    journal = "Phys. Lett. A",
    volume = "330",
    pages = "1--6",
    year = "2004"
}

@book{Spohn:2004ik,
    author = "Spohn, Herbert",
    title = "{Dynamics of Charged Particles and their Radiation Field}",
    doi = "10.1017/9781009402286",
    isbn = "978-1-00-940228-6, 978-1-00-940227-9, 978-1-00-940223-1, 978-0-521-03707-5, 978-0-521-83697-5, 978-0-511-20719-8",
    publisher = "Cambridge University Press",
    month = "7",
    year = "2023"
}

@article{Kruglov:2001dp,
    author = "Kruglov, S. I.",
    title = "{Pair production and vacuum polarization of arbitrary spin particles with EDM and AMM}",
    eprint = "hep-th/0110061",
    archivePrefix = "arXiv",
    doi = "10.1006/aphy.2001.6186",
    journal = "Annals Phys.",
    volume = "293",
    pages = "228--239",
    year = "2001"
}

@article{Jegerlehner:2001wq,
    author = "Jegerlehner, Fred",
    editor = "Chatterjee, L. and Sirlin, A. and Marciano, W. J.",
    title = "{Hadronic contributions to the photon vacuum polarization and their role in precision physics}",
    eprint = "hep-ph/0104304",
    archivePrefix = "arXiv",
    reportNumber = "DESY-01-028",
    doi = "10.1088/0954-3899/29/1/311",
    journal = "J. Phys. G",
    volume = "29",
    pages = "101--110",
    year = "2003"
}

@article{Czarnecki:2001pv,
    author = "Czarnecki, Andrzej and Marciano, William J.",
    title = "{The Muon anomalous magnetic moment: A Harbinger for 'new physics'}",
    eprint = "hep-ph/0102122",
    archivePrefix = "arXiv",
    reportNumber = "ALBERTA-THY-03-01, BNL-HET-01-4",
    doi = "10.1103/PhysRevD.64.013014",
    journal = "Phys. Rev. D",
    volume = "64",
    pages = "013014",
    year = "2001"
}

@book{Dittrich:2000zu,
    author = "Dittrich, W. and Gies, H.",
    title = "{Probing the quantum vacuum. Perturbative effective action approach in quantum electrodynamics and its application}",
    doi = "10.1007/3-540-45585-X",
    isbn = "978-3-540-67428-3, 978-3-540-45585-1",
    volume = "166",
    year = "2000"
}

@article{Anandan:1999ig,
    author = "Anandan, Jeeva S.",
    title = "{Classical and quantum interaction of the dipole}",
    eprint = "hep-th/9910018",
    archivePrefix = "arXiv",
    doi = "10.1103/PhysRevLett.85.1354",
    journal = "Phys. Rev. Lett.",
    volume = "85",
    pages = "1354--1357",
    year = "2000"
}

@article{Veltman:1997am,
    author = "Veltman, M. J. G.",
    title = "{Two component theory and electron magnetic moment}",
    eprint = "hep-th/9712216",
    archivePrefix = "arXiv",
    journal = "Acta Phys. Polon. B",
    volume = "29",
    pages = "783--798",
    year = "1998"
}

@book{Weinberg:1995mt,
    author = "Weinberg, Steven",
    title = "{The Quantum theory of fields. Vol. 1: Foundations}",
    doi = "10.1017/CBO9781139644167",
    isbn = "978-0-521-67053-1, 978-0-511-25204-4",
    publisher = "Cambridge University Press",
    month = "6",
    year = "2005"
}

@article{Ferrara:1992yc,
    author = "Ferrara, Sergio and Porrati, Massimo and Telegdi, Valentine L.",
    title = "{$g=2$ as the natural value of the tree-level gyromagnetic ratio of elementary particles}",
    reportNumber = "CERN-TH-6432-92, UCLA-92-TEP-7",
    doi = "10.1103/PhysRevD.46.3529",
    journal = "Phys. Rev. D",
    volume = "46",
    pages = "3529--3537",
    year = "1992"
}

@article{Alan:1992nc,
    author = "Alan, A. T. and Barut, A. O.",
    title = "{Generalization of the Volkov solution for relativistic particles with anomalous magnetic moments}",
    doi = "10.1209/0295-5075/17/2/006",
    journal = "EPL",
    volume = "17",
    pages = "119--122",
    year = "1992"
}

@article{Krivitsky:1991vt,
    author = "Krivitsky, V. S. and Tsytovich, V. N.",
    title = "{Average radiation reaction force in quantum electrodynamics}",
    doi = "10.1070/PU1991v034n03ABEH002352",
    journal = "Sov. Phys. Usp.",
    volume = "34",
    pages = "250--258",
    year = "1991"
}

@article{Ford:1988zz,
    author = "Ford, G. W. and Lewis, J. T. and O'Connell, R. F.",
    title = "{Quantum Langevin equation}",
    doi = "10.1103/PhysRevA.37.4419",
    journal = "Phys. Rev. A",
    volume = "37",
    pages = "4419--4428",
    year = "1988"
}

@book{Dittrich:1985yb,
    author = "Dittrich, W. and Reuter, M.",
    title = "{EFFECTIVE LAGRANGIANS IN QUANTUM ELECTRODYNAMICS}",
    volume = "220",
    year = "1985"
}

@book{Itzykson:1980rh,
    author = "Itzykson, C. and Zuber, J. B.",
    title = "{Quantum Field Theory}",
    isbn = "978-0-486-44568-7",
    publisher = "McGraw-Hill",
    address = "New York",
    series = "International Series In Pure and Applied Physics",
    year = "1980"
}

@article{Shen:1978cc,
    author = "Shen, C. S.",
    title = "{Radiation and Acceleration of a Relativistic Charged Particle in an Electromagnetic Field}",
    doi = "10.1103/PhysRevD.17.434",
    journal = "Phys. Rev. D",
    volume = "17",
    pages = "434--445",
    year = "1978"
}

@article{Candelas:1978gg,
    author = "Candelas, P. and Deutsch, D.",
    title = "{Fermion Fields in Accelerated States}",
    doi = "10.1098/rspa.1978.0132",
    journal = "Proc. Roy. Soc. Lond. A",
    volume = "362",
    pages = "251--262",
    year = "1978"
}

@article{Dittrich:1977ee,
    author = "Dittrich, W.",
    title = "{One Loop Effective Potential with Anomalous Moment of the electron}",
    reportNumber = "Print-77-1031 (TUBINGEN)",
    doi = "10.1088/0305-4470/11/6/019",
    journal = "J. Phys. A",
    volume = "11",
    pages = "1191",
    year = "1978"
}

@article{Muller:1977mm,
    author = "Muller, Berndt and Greiner, W. and Rafelski, Johann",
    title = "{Interpretation of External Fields as Temperature}",
    doi = "10.1016/0375-9601(77)90866-0",
    journal = "Phys. Lett. A",
    volume = "63",
    pages = "181--183",
    year = "1977"
}

@article{Moniz:1976kr,
    author = "Moniz, E. J. and Sharp, D. H.",
    title = "{Radiation Reaction in Nonrelativistic Quantum Electrodynamics}",
    reportNumber = "LA-UR-76-1527",
    doi = "10.1103/PhysRevD.15.2850",
    journal = "Phys. Rev. D",
    volume = "15",
    pages = "2850",
    year = "1977"
}

@article{Rafelski:1976ts,
    author = "Rafelski, Johann and Fulcher, Lewis P. and Klein, Abraham",
    title = "{Fermions and Bosons Interacting with Arbitrarily Strong External Fields}",
    reportNumber = "PRINT-77-0334 (ANL)",
    doi = "10.1016/0370-1573(78)90116-3",
    journal = "Phys. Rept.",
    volume = "38",
    pages = "227--361",
    year = "1978"
}

@article{Unruh:1976db,
    author = "Unruh, W. G.",
    title = "{Notes on black hole evaporation}",
    doi = "10.1103/PhysRevD.14.870",
    journal = "Phys. Rev. D",
    volume = "14",
    pages = "870",
    year = "1976"
}

@article{Ritus:1975cf,
    author = "Ritus, V. I.",
    title = "{The Lagrange Function of an Intensive Electromagnetic Field and Quantum Electrodynamics at Small Distances}",
    reportNumber = "LEBEDEV-75-129",
    journal = "Sov. Phys. JETP",
    volume = "42",
    pages = "774",
    year = "1975"
}

@article{Huschilt:1974xh,
    author = "Huschilt, J. and Baylis, W. E.",
    title = "{Solutions to the *new* equation of motion for classical charged particles}",
    doi = "10.1103/PhysRevD.9.2479",
    journal = "Phys. Rev. D",
    volume = "9",
    pages = "2479--2480",
    year = "1974"
}

@article{Tsai:1973jex,
    author = "Tsai, Wu-Yang and Yildiz, A.",
    title = "{Motion of an electron in a homogeneous magnetic field-modified propagation function and synchrotron radiation. (erratum)}",
    doi = "10.1103/PhysRevD.8.3446",
    journal = "Phys. Rev. D",
    volume = "8",
    pages = "3446",
    year = "1973",
    note = "[Erratum: Phys.Rev.D 9, 2489 (1974)]"
}

@article{Constantinescu:1972qe,
    author = "Constantinescu, D. H.",
    title = "{Electron selfenergy in a magnetic field}",
    doi = "10.1016/0550-3213(72)90285-4",
    journal = "Nucl. Phys. B",
    volume = "44",
    pages = "288--300",
    year = "1972"
}

@article{Rafelski:1972fi,
    author = "Rafelski, Johann and Fulcher, L. P. and Greiner, W.",
    title = "{A Condition for Vanishing Electromagnetic Selfstress in Nonlinear Classical Electrodynamics}",
    journal = "Nuovo Cim. B",
    volume = "7",
    pages = "137",
    year = "1972"
}

@article{Teitelboim:1971gb,
    author = "Teitelboim, C.",
    title = "{Radiation reaction as a retarded selfinteraction}",
    doi = "10.1103/PhysRevD.4.345",
    journal = "Phys. Rev. D",
    volume = "4",
    pages = "345--347",
    year = "1971"
}

@article{Newton:1971pq,
    author = "Newton, R. G.",
    title = "{Atoms in superstrong magnetic fields}",
    doi = "10.1103/PhysRevD.3.626",
    journal = "Phys. Rev. D",
    volume = "3",
    pages = "626--627",
    year = "1971"
}

@article{Tsai:1971zma,
    author = "Tsai, Wu-Yang and Yildiz, A.",
    title = "{Motion of charged particles in a homogeneous magnetic field}",
    doi = "10.1103/PhysRevD.4.3643",
    journal = "Phys. Rev. D",
    volume = "4",
    pages = "3643--3648",
    year = "1971"
}

@article{TseChin:1971tmj,
    author = "Tse Chin, Mo. and Papas, C. H.",
    title = "{New equation of motion for classical charged particles}",
    doi = "10.1103/PhysRevD.4.3566",
    journal = "Phys. Rev. D",
    volume = "4",
    pages = "3566--3571",
    year = "1971"
}

@article{Nikishov:1970br,
    author = "Nikishov, A. I.",
    title = "{Barrier scattering in field theory removal of klein paradox}",
    doi = "10.1016/0550-3213(70)90527-4",
    journal = "Nucl. Phys. B",
    volume = "21",
    pages = "346--358",
    year = "1970"
}

@article{Kim:2008yt,
    author = "Kim, Sang Pyo and Lee, Hyun Kyu and Yoon, Yongsung",
    title = "{Effective Action of Scalar QED in Electric Field Backgrounds}",
    eprint = "0807.2696",
    archivePrefix = "arXiv",
    primaryClass = "hep-th",
    doi = "10.1103/PhysRevD.78.105013",
    journal = "Phys. Rev. D",
    volume = "78",
    pages = "105013",
    year = "2008"
}

@article{Kim:2011cx,
    author = "Kim, Sang Pyo",
    title = "{QED Effective Action in Magnetic Field Backgrounds and Electromagnetic Duality}",
    eprint = "1109.1249",
    archivePrefix = "arXiv",
    primaryClass = "hep-th",
    doi = "10.1103/PhysRevD.84.065004",
    journal = "Phys. Rev. D",
    volume = "84",
    pages = "065004",
    year = "2011"
}

@article{Kim:2011cx,
    author = "Kim, Sang Pyo",
    title = "{QED Effective Action in Magnetic Field Backgrounds and Electromagnetic Duality}",
    eprint = "1109.1249",
    archivePrefix = "arXiv",
    primaryClass = "hep-th",
    doi = "10.1103/PhysRevD.84.065004",
    journal = "Phys. Rev. D",
    volume = "84",
    pages = "065004",
    year = "2011"
}

@article{Chen:2022hpe,
    author = "Chen, Chiang-Mei and Ishige, Toshimasa and Kim, Sang Pyo and Takayasu, Akitoshi and Wei, Chun-Yu",
    title = "{Monodromy approach to pair production of charged black holes and electric fields}",
    eprint = "2210.14792",
    archivePrefix = "arXiv",
    primaryClass = "hep-th",
    doi = "10.1016/j.cjph.2023.10.007",
    journal = "Chin. J. Phys.",
    volume = "86",
    pages = "255--268",
    year = "2023"
}

@article{Dunne:2005sx,
    author = "Dunne, Gerald V. and Schubert, Christian",
    title = "{Worldline instantons and pair production in inhomogeneous fields}",
    eprint = "hep-th/0507174",
    archivePrefix = "arXiv",
    doi = "10.1103/PhysRevD.72.105004",
    journal = "Phys. Rev. D",
    volume = "72",
    pages = "105004",
    year = "2005"
}

@article{Dunne:2006st,
    author = "Dunne, Gerald V. and Wang, Qing-hai and Gies, Holger and Schubert, Christian",
    title = "{Worldline instantons. II. The Fluctuation prefactor}",
    eprint = "hep-th/0602176",
    archivePrefix = "arXiv",
    doi = "10.1103/PhysRevD.73.065028",
    journal = "Phys. Rev. D",
    volume = "73",
    pages = "065028",
    year = "2006"
}

@article{Bialynicki-Birula:2011lzb,
    author = "Bialynicki-Birula, Iwo and Rudnicki, Lukasz and Wienczek, Albert",
    title = "{Removal of the Schwinger nonanaliticity in pair production by adiabatic switching of the electric field}",
    eprint = "1108.2615",
    archivePrefix = "arXiv",
    primaryClass = "hep-th",
    month = "8",
    year = "2011"
}

@article{Jancovici:1969exc,
    author = "Jancovici, B.",
    title = "{Radiative correction to the ground-state energy of an electron in an intense magnetic field}",
    doi = "10.1103/PhysRev.187.2275",
    journal = "Phys. Rev.",
    volume = "187",
    pages = "2275--2276",
    year = "1969"
}

@article{OConnell:1968spc,
    author = "O'Connell, R. F.",
    title = "{Effect of the Anomalous Magnetic Moment of the Electron on the Nonlinear Lagrangian of the Electromagnetic Field}",
    doi = "10.1103/PhysRev.176.1433",
    journal = "Phys. Rev.",
    volume = "176",
    pages = "1433--1437",
    year = "1968"
}

@article{Foldy:1958zz,
    author = "Foldy, Leslie L.",
    title = "{Neutron-Electron Interaction}",
    doi = "10.1103/RevModPhys.30.471",
    journal = "Rev. Mod. Phys.",
    volume = "30",
    pages = "471--481",
    year = "1958"
}

@article{Feynman:1958ty,
    author = "Feynman, R. P. and Gell-Mann, Murray",
    editor = "Brown, L. M.",
    title = "{Theory of Fermi interaction}",
    doi = "10.1103/PhysRev.109.193",
    journal = "Phys. Rev.",
    volume = "109",
    pages = "193--198",
    year = "1958"
}

@article{Heisenberg:1935qt,
    author = "Heisenberg, W. and Euler, H.",
    title = "{Consequences of Dirac's theory of positrons}",
    eprint = "physics/0605038",
    archivePrefix = "arXiv",
    doi = "10.1007/BF01343663",
    journal = "Z. Phys.",
    volume = "98",
    number = "11-12",
    pages = "714--732",
    year = "1936"
}

@article{Weisskopf:1996bu,
    author = "Weisskopf, V.",
    title = "{The electrodynamics of the vacuum based on the quantum theory of the electron}",
    journal = "Kong. Dan. Vid. Sel. Mat. Fys. Med.",
    volume = "14N6",
    number = "6",
    pages = "1--39",
    year = "1936"
}

@article{Schwinger:1951nm,
    author = "Schwinger, Julian S.",
    editor = "Milton, K. A.",
    title = "{On gauge invariance and vacuum polarization}",
    doi = "10.1103/PhysRev.82.664",
    journal = "Phys. Rev.",
    volume = "82",
    pages = "664--679",
    year = "1951"
}

@article{Johnson:1950zz,
    author = "Johnson, M. H. and Lippmann, B. A.",
    title = "{Relativistic Motion in a Magnetic Field}",
    doi = "10.1103/PhysRev.77.702",
    journal = "Phys. Rev.",
    volume = "77",
    pages = "702--705",
    year = "1950"
}

@article{Casimir:1948dh,
    author = "Casimir, H. B. G.",
    title = "{On the attraction between two perfectly conducting plates}",
    journal = "Indag. Math.",
    volume = "10",
    number = "4",
    pages = "261--263",
    year = "1948"
}

@article{Dirac:1938nz,
    author = "Dirac, Paul A. M.",
    title = "{Classical theory of radiating electrons}",
    doi = "10.1098/rspa.1938.0124",
    journal = "Proc. Roy. Soc. Lond. A",
    volume = "167",
    pages = "148--169",
    year = "1938"
}

@article{Fock:1937dy,
    author = "Fock, V.",
    title = "{Proper time in classical and quantum mechanics}",
    journal = "Phys. Z. Sowjetunion",
    volume = "12",
    pages = "404--425",
    year = "1937"
}


@article{Born:1934gh,
    author = "Born, M. and Infeld, L.",
    title = "{Foundations of the new field theory}",
    doi = "10.1098/rspa.1934.0059",
    journal = "Proc. Roy. Soc. Lond. A",
    volume = "144",
    number = "852",
    pages = "425--451",
    year = "1934"
}

@article{Sauter:1932gsa,
    author = "Sauter, Fritz",
    title = "{Zum ''Kleinschen Paradoxon''}",
    doi = "10.1007/BF01349862",
    journal = "Z. Phys.",
    volume = "73",
    pages = "547--552",
    year = "1932"
}

@article{Sauter:1931zz,
    author = "Sauter, Fritz",
    title = "{Uber das Verhalten eines Elektrons im homogenen elektrischen Feld nach der relativistischen Theorie Diracs}",
    doi = "10.1007/BF01339461",
    journal = "Z. Phys.",
    volume = "69",
    pages = "742--764",
    year = "1931"
}

@article{Klein:1929zz,
    author = "Klein, O.",
    title = "{Die Reflexion von Elektronen an einem Potentialsprung nach der relativistischen Dynamik von Dirac}",
    doi = "10.1007/BF01339716",
    journal = "Z. Phys.",
    volume = "53",
    pages = "157",
    year = "1929"
}

@article{Evans:2021coy,
    author = "Evans, Stefan and Rafelski, Johann",
    title = "{Particle production at a finite potential step: transition from Euler\textendash{}Heisenberg to Klein paradox}",
    eprint = "2108.12959",
    archivePrefix = "arXiv",
    primaryClass = "hep-ph",
    doi = "10.1140/epja/s10050-021-00654-x",
    journal = "Eur. Phys. J. A",
    volume = "57",
    number = "12",
    pages = "341",
    year = "2021"
}

@article{Evans:2022vmn,
    author = "Evans, Stefan and Rafelski, Johann",
    title = "{Singular properties of QED vacuum response to applied quasi-constant electromagnetic fields}",
    eprint = "2207.04033",
    archivePrefix = "arXiv",
    primaryClass = "hep-ph",
    month = "7",
    year = "2022"
}

@article{Formanek:2017mbv,
    author = "Formanek, Martin and Evans, Stefan and Rafelski, Johann and Steinmetz, Andrew and Yang, Cheng-Tao",
    title = "{Strong fields and neutral particle magnetic moment dynamics}",
    eprint = "1712.07698",
    archivePrefix = "arXiv",
    primaryClass = "hep-ph",
    doi = "10.1088/1361-6587/aac06a",
    journal = "Plasma Phys. Control. Fusion",
    volume = "60",
    pages = "074006",
    year = "2018"
}

@article{Formanek:2019cga,
    author = "Formanek, Martin and Steinmetz, Andrew and Rafelski, Johann",
    title = "{Classical neutral point particle in linearly polarized EM plane wave field}",
    eprint = "1904.10587",
    archivePrefix = "arXiv",
    primaryClass = "hep-ph",
    doi = "10.1088/1361-6587/ab242e",
    journal = "Plasma Phys. Control. Fusion",
    volume = "61",
    number = "8",
    pages = "084006",
    year = "2019"
}

@article{Formanek:2021mcp,
    author = "Formanek, Martin and Steinmetz, Andrew and Rafelski, Johann",
    title = "{Motion of classical charged particles with magnetic moment in external plane-wave electromagnetic fields}",
    eprint = "2103.02594",
    archivePrefix = "arXiv",
    primaryClass = "physics.class-ph",
    doi = "10.1103/PhysRevA.103.052218",
    journal = "Phys. Rev. A",
    volume = "103",
    number = "5",
    pages = "052218",
    year = "2021"
}


@article{Rocha:2021zcw,
    author = "Rocha, Gabriel S. and Denicol, Gabriel S. and Noronha, Jorge",
    title = "{Novel Relaxation Time Approximation to the Relativistic Boltzmann Equation}",
    eprint = "2103.07489",
    archivePrefix = "arXiv",
    primaryClass = "nucl-th",
    doi = "10.1103/PhysRevLett.127.042301",
    journal = "Phys. Rev. Lett.",
    volume = "127",
    number = "4",
    pages = "042301",
    year = "2021"
}

@article{Hattori:2020guh,
    author = "Hattori, Koichi and Itakura, Kazunori and Ozaki, Sho",
    title = "{Note on all-order Landau-level structures of the Heisenberg-Euler effective actions for QED and QCD}",
    eprint = "2001.06131",
    archivePrefix = "arXiv",
    primaryClass = "hep-ph",
    reportNumber = "YITP-20-03",
    month = "1",
    year = "2020"
}

@article{Starke:2014tfa,
    author = "Starke, R. and Schober, G. A. H.",
    title = "{Relativistic covariance of Ohm's law}",
    eprint = "1409.3723",
    archivePrefix = "arXiv",
    primaryClass = "math-ph",
    doi = "10.1142/S0218271816400101",
    journal = "Int. J. Mod. Phys. D",
    volume = "25",
    number = "11",
    pages = "1640010",
    year = "2016"
}

@article{Satow:2014lia,
    author = "Satow, Daisuke",
    title = "{Nonlinear electromagnetic response in quark-gluon plasma}",
    eprint = "1406.7032",
    archivePrefix = "arXiv",
    primaryClass = "hep-ph",
    reportNumber = "RIKEN-QHP-154",
    doi = "10.1103/PhysRevD.90.034018",
    journal = "Phys. Rev. D",
    volume = "90",
    number = "3",
    pages = "034018",
    year = "2014"
}

@article{Fujikawa:1980yx,
    author = "Fujikawa, Kazuo and Shrock, Robert",
    title = "{The Magnetic Moment of a Massive Neutrino and Neutrino Spin Rotation}",
    reportNumber = "ITP-SB-80-38",
    doi = "10.1103/PhysRevLett.45.963",
    journal = "Phys. Rev. Lett.",
    volume = "45",
    pages = "963",
    year = "1980"
}

@article{Becattini:2013fla,
    author = "Becattini, F. and Chandra, V. and Del Zanna, L. and Grossi, E.",
    title = "{Relativistic distribution function for particles with spin at local thermodynamical equilibrium}",
    eprint = "1303.3431",
    archivePrefix = "arXiv",
    primaryClass = "nucl-th",
    doi = "10.1016/j.aop.2013.07.004",
    journal = "Annals Phys.",
    volume = "338",
    pages = "32--49",
    year = "2013"
}

@article{Wilczek:2012sb,
    author = "Wilczek, Frank",
    title = "{Origins of Mass}",
    eprint = "1206.7114",
    archivePrefix = "arXiv",
    primaryClass = "hep-ph",
    reportNumber = "MIT-CTP-4379",
    doi = "10.2478/s11534-012-0121-0",
    journal = "Central Eur. J. Phys.",
    volume = "10",
    pages = "1021--1037",
    year = "2012"
}

@article{Rafelski:2012ui,
    author = "Rafelski, Johann and Evans, Stefan and Labun, Lance",
    title = "{A Cusp in QED at g=2}",
    eprint = "1205.1835",
    archivePrefix = "arXiv",
    primaryClass = "hep-ph",
    reportNumber = "see also arXiv 2212.13165 which contains all of this manuscript and
  more, published in:",
    month = "5",
    year = "2012"
}

@article{Rafelski:2012si,
    author = "Rafelski, Johann and Labun, Lance",
    editor = "Chen, Pisin",
    title = "{Critical Acceleration and Quantum Vacuum}",
    eprint = "1204.4923",
    archivePrefix = "arXiv",
    primaryClass = "hep-ph",
    doi = "10.1142/S0217732313400142",
    journal = "Mod. Phys. Lett. A",
    volume = "28",
    pages = "1340014",
    year = "2013"
}

@article{Aksenov:2009dy,
    author = "Aksenov, A. G. and Ruffini, R. and Vereshchagin, G. V.",
    title = "{Thermalization of the mildly relativistic plasma}",
    eprint = "0901.4837",
    archivePrefix = "arXiv",
    primaryClass = "astro-ph.HE",
    doi = "10.1103/PhysRevD.79.043008",
    journal = "Phys. Rev. D",
    volume = "79",
    pages = "043008",
    year = "2009"
}

@article{Thoma:2008my,
    author = "Thoma, Markus H.",
    title = "{Field Theoretic Description of Ultrarelativistic Electron-Positron Plasmas}",
    eprint = "0801.0956",
    archivePrefix = "arXiv",
    primaryClass = "physics.plasm-ph",
    doi = "10.1103/RevModPhys.81.959",
    journal = "Rev. Mod. Phys.",
    volume = "81",
    pages = "959--968",
    year = "2009"
}

@inproceedings{Mennessier:2007wk,
    author = "Mennessier, G. and Minkowski, P. and Narison, S. and Ochs, W.",
    title = "{Can the gamma-gamma processes reveal the nature of the sigma meson?}",
    booktitle = "{3rd High-Energy Physics International Conference in Madagascar}",
    eprint = "0707.4511",
    archivePrefix = "arXiv",
    primaryClass = "hep-ph",
    reportNumber = "HEP-MAD-2007-217.1",
    month = "7",
    year = "2007"
}

@article{Kaminski:2006qe,
    author = "Kaminski, R. and Pelaez, J. R. and Yndurain, F. J.",
    title = "{The Pion-pion scattering amplitude. III. Improving the analysis with forward dispersion relations and Roy equations}",
    eprint = "0710.1150",
    archivePrefix = "arXiv",
    primaryClass = "hep-ph",
    reportNumber = "FTUAM-07-11",
    doi = "10.1103/PhysRevD.77.054015",
    journal = "Phys. Rev. D",
    volume = "77",
    pages = "054015",
    year = "2008"
}

@article{Mourou:2006zz,
    author = "Mourou, Gerard A. and Tajima, Toshiki and Bulanov, Sergei V.",
    title = "{Optics in the relativistic regime}",
    doi = "10.1103/RevModPhys.78.309",
    journal = "Rev. Mod. Phys.",
    volume = "78",
    pages = "309--371",
    year = "2006"
}

@article{Bjorken:1982qr,
    author = "Bjorken, J. D.",
    title = "{Highly Relativistic Nucleus-Nucleus Collisions: The Central Rapidity Region}",
    reportNumber = "FERMILAB-PUB-82-044-THY, FERMILAB-PUB-82-044-T",
    doi = "10.1103/PhysRevD.27.140",
    journal = "Phys. Rev. D",
    volume = "27",
    pages = "140--151",
    year = "1983"
}

@article{Schenke:2006xu,
    author = "Schenke, Bjoern and Strickland, Michael and Greiner, Carsten and Thoma, Markus H.",
    title = "{A Model of the effect of collisions on QCD plasma instabilities}",
    eprint = "hep-ph/0603029",
    archivePrefix = "arXiv",
    doi = "10.1103/PhysRevD.73.125004",
    journal = "Phys. Rev. D",
    volume = "73",
    pages = "125004",
    year = "2006"
}

@article{Marklund:2006my,
    author = "Marklund, M. and Shukla, Padma Kant",
    title = "{Nonlinear collective effects in photon-photon and photon-plasma interactions}",
    eprint = "hep-ph/0602123",
    archivePrefix = "arXiv",
    doi = "10.1103/RevModPhys.78.591",
    journal = "Rev. Mod. Phys.",
    volume = "78",
    pages = "591--640",
    year = "2006"
}

@article{Carrington:2003je,
    author = "Carrington, M. E. and Fugleberg, T. and Pickering, D. and Thoma, M. H.",
    title = "{Dielectric functions and dispersion relations of ultrarelativistic plasmas with collisions}",
    eprint = "hep-ph/0312103",
    archivePrefix = "arXiv",
    doi = "10.1139/p04-035",
    journal = "Can. J. Phys.",
    volume = "82",
    pages = "671--678",
    year = "2004"
}

@article{Arnold:2003zc,
    author = "Arnold, Peter Brockway and Moore, Guy D and Yaffe, Laurence G.",
    title = "{Transport coefficients in high temperature gauge theories. 2. Beyond leading log}",
    eprint = "hep-ph/0302165",
    archivePrefix = "arXiv",
    doi = "10.1088/1126-6708/2003/05/051",
    journal = "JHEP",
    volume = "05",
    pages = "051",
    year = "2003"
}

@article{Elizalde:2002ca,
    author = "Elizalde, E. and Ferrer, E. J. and de la Incera, V.",
    title = "{Beyond constant mass approximation magnetic catalysis in the gauge Higgs-Yukawa model}",
    eprint = "hep-ph/0209324",
    archivePrefix = "arXiv",
    doi = "10.1103/PhysRevD.68.096004",
    journal = "Phys. Rev. D",
    volume = "68",
    pages = "096004",
    year = "2003"
}

@article{Arnold:2002zm,
    author = "Arnold, Peter Brockway and Moore, Guy D. and Yaffe, Laurence G.",
    title = "{Effective kinetic theory for high temperature gauge theories}",
    eprint = "hep-ph/0209353",
    archivePrefix = "arXiv",
    doi = "10.1088/1126-6708/2003/01/030",
    journal = "JHEP",
    volume = "01",
    pages = "030",
    year = "2003"
}

@article{Shen:2002zza,
    author = "Shen, Baifei and Meyer-ter-Vehn, J.",
    title = "{Pair and gamma-photon production from a thin foil confined by two laser pulses}",
    doi = "10.1103/PhysRevE.65.016405",
    journal = "Phys. Rev. E",
    volume = "65",
    pages = "016405",
    year = "2002"
}

@article{Blaizot:2001nr,
    author = "Blaizot, Jean-Paul and Iancu, Edmond",
    title = "{The Quark gluon plasma: Collective dynamics and hard thermal loops}",
    eprint = "hep-ph/0101103",
    archivePrefix = "arXiv",
    reportNumber = "SACLAY-T01-005, CERN-TH-2000-272",
    doi = "10.1016/S0370-1573(01)00061-8",
    journal = "Phys. Rept.",
    volume = "359",
    pages = "355--528",
    year = "2002"
}

@article{Cho:2000ei,
    author = "Cho, Y. M. and Pak, D. G.",
    title = "{Effective action: A Convergent series of QED}",
    eprint = "hep-th/0006057",
    archivePrefix = "arXiv",
    doi = "10.1103/PhysRevLett.86.1947",
    journal = "Phys. Rev. Lett.",
    volume = "86",
    pages = "1947--1950",
    year = "2001"
}

@article{Ferrer:2000ed,
    author = "Ferrer, E. J. and de la Incera, V.",
    title = "{Magnetic catalysis in the presence of scalar fields}",
    eprint = "hep-ph/0004113",
    archivePrefix = "arXiv",
    doi = "10.1016/S0370-2693(00)00482-2",
    journal = "Phys. Lett. B",
    volume = "481",
    pages = "287--294",
    year = "2000"
}

@article{Duncan:2000pj,
    author = "Duncan, Robert C.",
    editor = "Kippen, R. M. and Mallozzi, R. S. and Fishman, G. J.",
    title = "{Physics in ultra-strong magnetic fields}",
    eprint = "astro-ph/0002442",
    archivePrefix = "arXiv",
    doi = "10.1063/1.1361651",
    journal = "AIP Conf. Proc.",
    volume = "526",
    number = "1",
    pages = "830",
    year = "2000"
}

@article{Gusynin:1999ti,
    author = "Gusynin, V. P.",
    editor = "Kadyshevsky, V. G. and Sissakian, A. N.",
    title = "{Magnetic catalysis of chiral symmetry breaking in gauge theories}",
    eprint = "hep-th/0001070",
    archivePrefix = "arXiv",
    journal = "Ukr. J. Phys.",
    volume = "45",
    pages = "603--609",
    year = "2000"
}

@article{Ahonen:1998iz,
    author = "Ahonen, Jarkko",
    title = "{Transport coefficients in the early universe}",
    eprint = "hep-ph/9801434",
    archivePrefix = "arXiv",
    doi = "10.1103/PhysRevD.59.023004",
    journal = "Phys. Rev. D",
    volume = "59",
    pages = "023004",
    year = "1999"
}

@article{Baym:1997gq,
    author = "Baym, Gordon and Heiselberg, Henning",
    title = "{The Electrical conductivity in the early universe}",
    eprint = "astro-ph/9704214",
    archivePrefix = "arXiv",
    doi = "10.1103/PhysRevD.56.5254",
    journal = "Phys. Rev. D",
    volume = "56",
    pages = "5254--5259",
    year = "1997"
}

@article{Ahonen:1996nq,
    author = "Ahonen, Jarkko and Enqvist, Kari",
    title = "{Electrical conductivity in the early universe}",
    eprint = "hep-ph/9602357",
    archivePrefix = "arXiv",
    reportNumber = "HU-TFT-96-10",
    doi = "10.1016/0370-2693(96)00633-8",
    journal = "Phys. Lett. B",
    volume = "382",
    pages = "40--44",
    year = "1996"
}

@article{Gusynin:1995gt,
    author = "Gusynin, V. P. and Miransky, V. A. and Shovkovy, I. A.",
    title = "{Dynamical chiral symmetry breaking by a magnetic field in QED}",
    eprint = "hep-ph/9501304",
    archivePrefix = "arXiv",
    reportNumber = "ITP-95-02-E",
    doi = "10.1103/PhysRevD.52.4747",
    journal = "Phys. Rev. D",
    volume = "52",
    pages = "4747--4751",
    year = "1995"
}

@article{Terazawa:1994at,
    author = "Terazawa, Hidezumi",
    title = "{Pion pair production by two photons}",
    reportNumber = "INS-1045",
    doi = "10.1103/PhysRevD.51.R954",
    journal = "Phys. Rev. D",
    volume = "51",
    pages = "R954--R957",
    year = "1995"
}

@article{Kelly:1994dh,
    author = "Kelly, P. F. and Liu, Q. and Lucchesi, C. and Manuel, C.",
    title = "{Classical transport theory and hard thermal loops in the quark - gluon plasma}",
    eprint = "hep-ph/9406285",
    archivePrefix = "arXiv",
    reportNumber = "MIT-CTP-2320",
    doi = "10.1103/PhysRevD.50.4209",
    journal = "Phys. Rev. D",
    volume = "50",
    pages = "4209--4218",
    year = "1994"
}

@article{Kelly:1994ig,
    author = "Kelly, P. F. and Liu, Q. and Lucchesi, C. and Manuel, C.",
    title = "{Deriving the hard thermal loops of QCD from classical transport theory}",
    eprint = "hep-ph/9403403",
    archivePrefix = "arXiv",
    reportNumber = "MIT-CTP-2292",
    doi = "10.1103/PhysRevLett.72.3461",
    journal = "Phys. Rev. Lett.",
    volume = "72",
    pages = "3461--3463",
    year = "1994"
}

@inproceedings{Heiselberg:1994ms,
    author = "Heiselberg, H.",
    title = "{Transport properties of quark and gluon plasmas}",
    booktitle = "{Workshop on Pre-Equilibrium Parton Dynamics in Heavy Ion Collisions}",
    eprint = "hep-ph/9401300",
    archivePrefix = "arXiv",
    reportNumber = "LBL-34911",
    pages = "125--136",
    month = "1",
    year = "1994"
}



@article{Bialynicki-Birula:1993shm,
    author = "Bialynicki-Birula, Iwo",
    title = "{Simple relativistic model of a finite size particle}",
    eprint = "nucl-th/9306006",
    archivePrefix = "arXiv",
    reportNumber = "PRINT-93-0494 (WARSAW,INST.PHYS.)",
    doi = "10.1016/0375-9601(93)90406-P",
    journal = "Phys. Lett. A",
    volume = "182",
    pages = "346--352",
    year = "1993"
}

@article{Blaizot:1993zk,
    author = "Blaizot, Jean Paul and Iancu, Edmond",
    title = "{Kinetic equations for long wavelength excitations of the quark - gluon plasma}",
    eprint = "hep-ph/9301236",
    archivePrefix = "arXiv",
    reportNumber = "SACLAY-SPH-T-93-1",
    doi = "10.1103/PhysRevLett.70.3376",
    journal = "Phys. Rev. Lett.",
    volume = "70",
    pages = "3376--3379",
    year = "1993"
}

@article{Heiselberg:1993cr,
    author = "Heiselberg, H. and Pethick, C. J.",
    title = "{Transport and relaxation in degenerate quark plasmas}",
    doi = "10.1103/PhysRevD.48.2916",
    journal = "Phys. Rev. D",
    volume = "48",
    pages = "2916--2928",
    year = "1993"
}

@article{Biro:1990vj,
    author = "Biro, T. S. and Levai, P. and Muller, Berndt",
    title = "{Strangeness production with 'massive' gluons}",
    doi = "10.1103/PhysRevD.42.3078",
    journal = "Phys. Rev. D",
    volume = "42",
    pages = "3078--3087",
    year = "1990"
}

@article{Mrowczynski:1989np,
    author = "Mrówczyński, S.",
    title = "{Kinetic theory approach to quark - gluon plasma oscillations}",
    doi = "10.1103/PhysRevD.39.1940",
    journal = "Phys. Rev. D",
    volume = "39",
    pages = "1940--1946",
    year = "1989"
}

@article{Mrowczynski:1988xu,
    author = "Mrówczyński, S.",
    title = "{On the Transport Coefficients of a Quark Plasma}",
    journal = "Acta Phys. Polon. B",
    volume = "19",
    pages = "91--96",
    year = "1988"
}

@article{Mrowczynski:1987jr,
    author = "Mrówczyński, S.",
    title = "{Small oscillations of a collisionless quark plasma}",
    doi = "10.1016/0370-2693(87)90718-0",
    journal = "Phys. Lett. B",
    volume = "188",
    pages = "129--132",
    year = "1987"
}

@article{Matsui:1986dx,
    author = "Matsui, T. and Svetitsky, B. and McLerran, Larry D.",
    title = "{Strangeness Production in Ultrarelativistic Heavy Ion Collisions. 2. Evolution of Flavor Composition in Scaling Hydrodynamics}",
    reportNumber = "MIT-CTP-1344",
    doi = "10.1103/PhysRevD.34.2047",
    journal = "Phys. Rev. D",
    volume = "34",
    pages = "2047",
    year = "1986"
}

@book{Halzen:1984mc,
    author = "Halzen, F. and Martin, Alan D.",
    title = "{QUARKS AND LEPTONS: AN INTRODUCTORY COURSE IN MODERN PARTICLE PHYSICS}",
    isbn = "978-0-471-88741-6",
    year = "1984"
}

@article{Schwinger:1983nt,
    author = "Schwinger, Julian S.",
    title = "{ELECTROMAGNETIC MASS REVISITED}",
    doi = "10.1007/BF01906185",
    journal = "Found. Phys.",
    volume = "13",
    pages = "373--383",
    year = "1983"
}

@article{Weldon:1982aq,
    author = "Weldon, H. Arthur",
    title = "{Covariant Calculations at Finite Temperature: The Relativistic Plasma}",
    reportNumber = "PRINT-82-0313 (PENN)",
    doi = "10.1103/PhysRevD.26.1394",
    journal = "Phys. Rev. D",
    volume = "26",
    pages = "1394",
    year = "1982"
}

@article{Combridge:1979ud,
    author = "Combridge, B. L.",
    title = "{ASSOCIATED PRODUCTION OF HEAVY FLAVORED STATES IN HADRON INTERACTIONS - SOME QCD ESTIMATES. (TALK)}",
    doi = "10.1088/0031-8949/20/1/001",
    journal = "Phys. Scripta",
    volume = "20",
    pages = "5--9",
    year = "1979"
}

@article{Gounaris:1968mw,
    author = "Gounaris, G. J. and Sakurai, J. J.",
    title = "{Finite width corrections to the vector meson dominance prediction for $\rho \to e^+ e^-$}",
    doi = "10.1103/PhysRevLett.21.244",
    journal = "Phys. Rev. Lett.",
    volume = "21",
    pages = "244--247",
    year = "1968"
}

@article{Bhatnagar:1954zz,
    author = "Bhatnagar, P. L. and Gross, E. P. and Krook, M.",
    title = "{A Model for Collision Processes in Gases. 1. Small Amplitude Processes in Charged and Neutral One-Component Systems}",
    doi = "10.1103/PhysRev.94.511",
    journal = "Phys. Rev.",
    volume = "94",
    pages = "511--525",
    year = "1954"
}

@article{Formanek:2021bpw,
    author = "Formanek, Martin and Ramsey, Dillon and Palastro, John P. and Di Piazza, Antonino",
    title = "{Radiation reaction enhancement in flying focus pulses}",
    eprint = "2108.09651",
    archivePrefix = "arXiv",
    primaryClass = "hep-ph",
    doi = "10.1103/PhysRevA.105.L020203",
    journal = "Phys. Rev. A",
    volume = "105",
    number = "2",
    pages = "L020203",
    year = "2022"
}

@article{Gratus:2021izz,
    author = "Gratus, Jonathan",
    title = "{Maxwell\textendash{}Lorentz without self-interactions: conservation of energy and momentum}",
    eprint = "2108.08644",
    archivePrefix = "arXiv",
    primaryClass = "physics.class-ph",
    doi = "10.1088/1751-8121/ac48ee",
    journal = "J. Phys. A",
    volume = "55",
    number = "6",
    pages = "065202",
    year = "2022"
}

@article{Nielsen:2021ppf,
    author = "Nielsen, C. F. and Justesen, J. B. and S\o{}rensen, A. H. and Uggerh\o{}j, U. I. and Holtzapple, R.",
    collaboration = "CERN NA63",
    title = "{Experimental verification of the Landau\textendash{}Lifshitz equation}",
    doi = "10.1088/1367-2630/ac1554",
    journal = "New J. Phys.",
    volume = "23",
    number = "8",
    pages = "085001",
    year = "2021"
}

@article{Li:2021gbc,
    author = "Li, Fei and Decyk, Viktor K. and Miller, Kyle G. and Tableman, Adam and Tsung, Frank S. and Vranic, Marija and Fonseca, Ricardo A. and Mori, Warren B.",
    title = "{Accurately simulating nine-dimensional phase space of relativistic particles in strong fields}",
    doi = "10.1016/j.jcp.2021.110367",
    journal = "J. Comput. Phys.",
    volume = "438",
    pages = "110367",
    year = "2021"
}

@article{Nielsen:2020ufz,
    author = "Nielsen, Christian F. and Justesen, Jens B. and S\o{}rensen, Allan H. and Uggerh\o{}j, Ulrik I. and Holtzapple, Robert",
    title = "{Radiation Reaction near the Classical Limit in Aligned Crystals}",
    eprint = "2008.10411",
    archivePrefix = "arXiv",
    primaryClass = "hep-ex",
    doi = "10.1103/PhysRevD.102.052004",
    journal = "Phys. Rev. D",
    volume = "102",
    number = "5",
    pages = "052004",
    year = "2020"
}

@article{Palastro:2020gcl,
    author = "Palastro, J. P. and Shaw, J. L. and Franke, P. and Ramsey, D. and Simpson, T. T. and Froula, D. H.",
    title = "{Dephasingless Laser Wakefield Acceleration}",
    doi = "10.1103/PhysRevLett.130.159902",
    journal = "Phys. Rev. Lett.",
    volume = "124",
    number = "13",
    pages = "134802",
    year = "2020",
    note = "[Erratum: Phys.Rev.Lett. 130, 159902 (2023)]"
}

@article{DiPiazza:2019vwb,
    author = "Di Piazza, A. and Wistisen, T. N. and Tamburini, M. and Uggerh\o{}j, U. I.",
    title = "{Testing Strong Field QED Close to the Fully Nonperturbative Regime Using Aligned Crystals}",
    eprint = "1911.04749",
    archivePrefix = "arXiv",
    primaryClass = "hep-ph",
    doi = "10.1103/PhysRevLett.124.044801",
    journal = "Phys. Rev. Lett.",
    volume = "124",
    number = "4",
    pages = "044801",
    year = "2020"
}

@article{Blackburn:2019rfv,
    author = "Blackburn, T. G.",
    title = "{Radiation reaction in electron-beam interactions with high-intensity lasers}",
    eprint = "1910.13377",
    archivePrefix = "arXiv",
    primaryClass = "physics.plasm-ph",
    doi = "10.1007/s41614-020-0042-0",
    journal = "Plasma Phys.",
    volume = "4",
    pages = "5",
    year = "2020"
}

@article{Wistisen:2019eza,
    author = "Wistisen, T. N. and Di Piazza, A. and Nielsen, C. F. and S\o{}rensen, A. H. and Uggerh\o{}j, U. I.",
    title = "{Quantum radiation reaction in aligned crystals beyond the local constant field approximation}",
    eprint = "1906.09144",
    archivePrefix = "arXiv",
    primaryClass = "physics.plasm-ph",
    doi = "10.1103/PhysRevResearch.1.033014",
    journal = "Phys. Rev. Research.",
    volume = "1",
    pages = "033014",
    year = "2019"
}

@article{Gonsalves:2019wnc,
    author = "Gonsalves, A. J. and others",
    title = "{Petawatt Laser Guiding and Electron Beam Acceleration to 8 GeV in a Laser-Heated Capillary Discharge Waveguide}",
    doi = "10.1103/PhysRevLett.122.084801",
    journal = "Phys. Rev. Lett.",
    volume = "122",
    number = "8",
    pages = "084801",
    year = "2019"
}

@article{Gu:2018ldj,
    author = "Gu, Yan-Jun and Weber, Stefan",
    title = "{Intense, directional and tunable \ensuremath{\gamma}-ray emission via relativistic oscillating plasma mirror}",
    doi = "10.1364/OE.26.019932",
    journal = "Opt. Express",
    volume = "26",
    number = "16",
    pages = "19932--19939",
    year = "2018"
}

@article{Huang:2018wvt,
    author = "Huang, Taiwu and Kim, Chul Min and Zhou, Cangtao and Cho, Myung Hoon and Nakajima, Kazuhisa and Ryu, Chang Mo and Ruan, Shuangchen and Nam, Chang Hee",
    title = "{Highly efficient laser-driven Compton gamma-ray source}",
    eprint = "1803.08237",
    archivePrefix = "arXiv",
    primaryClass = "physics.plasm-ph",
    doi = "10.1088/1367-2630/aaf8c4",
    journal = "New J. Phys.",
    volume = "21",
    number = "1",
    pages = "013008",
    year = "2019"
}

@article{Froula:2018ukn,
    author = "Froula, Dustin H. and others",
    title = "{Spatiotemporal control of laser intensity}",
    doi = "10.1038/s41566-018-0121-8",
    journal = "Nature Photon.",
    volume = "12",
    number = "5",
    pages = "262--265",
    year = "2018",
    note = "[Erratum: Nature Photon. 12, 437 (2018)]"
}

@article{Sainte-Marie:2017ezw,
    author = "Sainte-Marie, A. and Gobert, O. and Qu\'er\'e, F.",
    title = "{Controlling the velocity of ultrashort light pulses in vacuum through spatio-temporal couplings}",
    doi = "10.1364/optica.4.001298",
    journal = "Optica",
    volume = "4",
    number = "10",
    year = "2017"
}

@article{Poder:2017dpw,
    author = "Poder, K. and others",
    title = "{Experimental Signatures of the Quantum Nature of Radiation Reaction in the Field of an Ultraintense Laser}",
    eprint = "1709.01861",
    archivePrefix = "arXiv",
    primaryClass = "physics.plasm-ph",
    doi = "10.1103/PhysRevX.8.031004",
    journal = "Phys. Rev. X",
    volume = "8",
    number = "3",
    pages = "031004",
    year = "2018"
}

@article{Cole:2017zca,
    author = "Cole, J. M. and others",
    title = "{Experimental evidence of radiation reaction in the collision of a high-intensity laser pulse with a laser-wakefield accelerated electron beam}",
    eprint = "1707.06821",
    archivePrefix = "arXiv",
    primaryClass = "physics.plasm-ph",
    doi = "10.1103/PhysRevX.8.011020",
    journal = "Phys. Rev. X",
    volume = "8",
    number = "1",
    pages = "011020",
    year = "2018"
}

@article{Wistisen:2017pgr,
    author = "Wistisen, Tobias N. and Di Piazza, Antonino and Knudsen, Helge V. and Uggerh\o{}j, Ulrik I.",
    title = "{Experimental evidence of quantum radiation reaction in aligned crystals}",
    eprint = "1704.01080",
    archivePrefix = "arXiv",
    primaryClass = "hep-ex",
    doi = "10.1038/s41467-018-03165-4",
    journal = "Nature Commun.",
    volume = "9",
    number = "1",
    pages = "795",
    year = "2018"
}

@article{DiPiazza:2015oia,
    author = "Di Piazza, A. and Wistisen, Tobias N. and Uggerh\o{}j, Ulrik I.",
    title = "{Investigation of classical radiation reaction with aligned crystals}",
    eprint = "1503.05717",
    archivePrefix = "arXiv",
    primaryClass = "physics.plasm-ph",
    doi = "10.1016/j.physletb.2016.10.083",
    journal = "Phys. Lett. B",
    volume = "765",
    pages = "1--5",
    year = "2017"
}

@article{Sarri:2014gea,
    author = "Sarri, G. and others",
    title = "{Ultrahigh Brilliance Multi-MeV \ensuremath{\gamma} -Ray Beams from Nonlinear Relativistic Thomson Scattering}",
    eprint = "1407.6980",
    archivePrefix = "arXiv",
    primaryClass = "physics.optics",
    doi = "10.1103/PhysRevLett.113.224801",
    journal = "Phys. Rev. Lett.",
    volume = "113",
    number = "22",
    pages = "224801",
    year = "2014"
}

@article{Wang:2013zpo,
    author = "Wang, Xiaoming and others",
    title = "{Quasi-monoenergetic laser-plasma acceleration of electrons to 2 GeV}",
    doi = "10.1038/ncomms2988",
    journal = "Nature Commun.",
    volume = "4",
    pages = "1988",
    year = "2013"
}

@article{Phuoc:2012hzh,
    author = "Phuoc, K. Ta and Corde, S. and Thaury, C. and Malka, V. and Tafzi, A. and Goddet, J. P. and Shah, R. C. and Sebban, S. and Rousse, A.",
    title = "{All-optical Compton gamma-ray source}",
    eprint = "1301.3973",
    archivePrefix = "arXiv",
    primaryClass = "physics.plasm-ph",
    doi = "10.1038/nphoton.2012.82",
    journal = "Nature Photon.",
    volume = "6",
    pages = "308",
    year = "2012"
}

@article{Katz:2011ke,
    author = "Katz, U. F. and Spiering, Ch.",
    title = "{High-Energy Neutrino Astrophysics: Status and Perspectives}",
    eprint = "1111.0507",
    archivePrefix = "arXiv",
    primaryClass = "astro-ph.HE",
    doi = "10.1016/j.ppnp.2011.12.001",
    journal = "Prog. Part. Nucl. Phys.",
    volume = "67",
    pages = "651--704",
    year = "2012"
}

@article{Burles:1999ac,
    author = "Burles, S. and Nollett, K. M. and Turner, Michael S.",
    editor = "Seto, R.",
    title = "{Deuterium and big bang nucleosynthesis}",
    eprint = "astro-ph/9903300",
    archivePrefix = "arXiv",
    doi = "10.1016/S0375-9474(99)00732-0",
    journal = "Nucl. Phys. A",
    volume = "663",
    pages = "861c--864c",
    year = "2000"
}

@article{Baier:2000mf,
    author = "Baier, R. and Schiff, D. and Zakharov, B. G.",
    title = "{Energy loss in perturbative QCD}",
    eprint = "hep-ph/0002198",
    archivePrefix = "arXiv",
    reportNumber = "BI-TP-2000-08, LPT-ORSAY-00-22",
    doi = "10.1146/annurev.nucl.50.1.37",
    journal = "Ann. Rev. Nucl. Part. Sci.",
    volume = "50",
    pages = "37--69",
    year = "2000"
}

@article{Belogianni:2002ic,
    author = "Belogianni, A and others",
    title = "{Observation of a soft photon signal in excess of QED expectations in p p interactions}",
    doi = "10.1016/S0370-2693(02)02837-X",
    journal = "Phys. Lett. B",
    volume = "548",
    pages = "129--139",
    year = "2002"
}

@book{Baier:1998vh,
    author = "Baier, V. N. and Katkov, V. M. and Strakhovenko, V. M.",
    title = "{Electromagnetic processes at high energies in oriented single crystals}",
    isbn = "978-981-02-1603-0",
    year = "1998"
}

@article{DElia:1997sdk,
    author = "D'Elia, Massimo and Di Giacomo, A. and Meggiolaro, E.",
    title = "{Field strength correlators in full QCD}",
    eprint = "hep-lat/9705032",
    archivePrefix = "arXiv",
    reportNumber = "IFUP-TH-19-97",
    doi = "10.1016/S0370-2693(97)00814-9",
    journal = "Phys. Lett. B",
    volume = "408",
    pages = "315--319",
    year = "1997"
}

@article{DiGiacomo:1996bbx,
    author = "Di Giacomo, A. and Meggiolaro, E. and Panagopoulos, H.",
    title = "{Gauge invariant field correlators in QCD at finite temperature}",
    eprint = "hep-lat/9603018",
    archivePrefix = "arXiv",
    reportNumber = "IFUP-TH-14-96, UCY-PHY-96-6",
    doi = "10.1016/S0550-3213(96)00580-9",
    journal = "Nucl. Phys. B",
    volume = "483",
    pages = "371--382",
    year = "1997"
}

@article{Narison:1995tw,
    author = "Narison, Stephan",
    title = "{Heavy quarkonia mass splittings in QCD: Gluon condensate, alpha-s and 1/m expansion}",
    eprint = "hep-ph/9512348",
    archivePrefix = "arXiv",
    reportNumber = "PM-95-51",
    doi = "10.1016/0370-2693(96)00954-9",
    journal = "Phys. Lett. B",
    volume = "387",
    pages = "162--172",
    year = "1996"
}

@article{Narison:1995hz,
    author = "Narison, Stephan",
    title = "{Model independent determination of M(s) from tau - like inclusive decays in e+ e- and implications for the chi(SB) parameters}",
    eprint = "hep-ph/9504333",
    archivePrefix = "arXiv",
    reportNumber = "PM-95-06",
    doi = "10.1016/0370-2693(95)00939-I",
    journal = "Phys. Lett. B",
    volume = "358",
    pages = "113--122",
    year = "1995"
}

@article{Klevansky:1992qe,
    author = "Klevansky, S. P.",
    title = "{The Nambu-Jona-Lasinio model of quantum chromodynamics}",
    doi = "10.1103/RevModPhys.64.649",
    journal = "Rev. Mod. Phys.",
    volume = "64",
    pages = "649--708",
    year = "1992"
}

@book{Shifman:1992xu,
    editor = "Shifman, Mikhail A.",
    title = "{Vacuum structure and QCD sum rules}",
    year = "1992"
}

@article{Aerts:1984vv,
    author = "Aerts, A. T. M. and Rafelski, Johann",
    title = "{{QCD}, Bags and Hadron Masses}",
    reportNumber = "CERN-TH-3942",
    doi = "10.1016/0370-2693(84)90099-6",
    journal = "Phys. Lett. B",
    volume = "148",
    pages = "337",
    year = "1984"
}

@article{Shifman:1978bw,
    author = "Shifman, Mikhail A. and Vainshtein, A. I. and Zakharov, Valentin I.",
    title = "{QCD and Resonance Physics. The rho-omega Mixing}",
    reportNumber = "ITEP-99-1978",
    doi = "10.1016/0550-3213(79)90024-5",
    journal = "Nucl. Phys. B",
    volume = "147",
    pages = "519--534",
    year = "1979"
}

@article{Dunkel:2008ngc,
    author = {Dunkel, J\"orn and H\"anggi, Peter},
    title = "{Relativistic Brownian motion}",
    eprint = "0812.1996",
    archivePrefix = "arXiv",
    primaryClass = "cond-mat.stat-mech",
    doi = "10.1016/j.physrep.2008.12.001",
    journal = "Phys. Rept.",
    volume = "471",
    pages = "1--73",
    year = "2009"
}



@article{Shifman:1978bx,
    author = "Shifman, Mikhail A. and Vainshtein, A. I. and Zakharov, Valentin I.",
    title = "{QCD and Resonance Physics. Theoretical Foundations}",
    reportNumber = "ITEP-73-1978, ITEP-80-1978",
    doi = "10.1016/0550-3213(79)90022-1",
    journal = "Nucl. Phys. B",
    volume = "147",
    pages = "385--447",
    year = "1979"
}

@article{Shifman:1978by,
    author = "Shifman, Mikhail A. and Vainshtein, A. I. and Zakharov, Valentin I.",
    title = "{QCD and Resonance Physics: Applications}",
    reportNumber = "ITEP-94-1978, ITEP-81-1978",
    doi = "10.1016/0550-3213(79)90023-3",
    journal = "Nucl. Phys. B",
    volume = "147",
    pages = "448--518",
    year = "1979"
}

@article{Jaffe:1976ih,
    author = "Jaffe, Robert L.",
    title = "{Multi-Quark Hadrons. 2. Methods}",
    reportNumber = "SLAC-PUB-1773",
    doi = "10.1103/PhysRevD.15.281",
    journal = "Phys. Rev. D",
    volume = "15",
    pages = "281",
    year = "1977"
}

@article{Johnson:1975zp,
    author = "Johnson, K.",
    title = "{The M.I.T. Bag Model}",
    reportNumber = "MIT-CTP-494",
    journal = "Acta Phys. Polon. B",
    volume = "6",
    pages = "865",
    year = "1975"
}

@article{Thomas:1927yu,
    author = "Thomas, L. H.",
    title = "{The Kinematics of an electron with an axis}",
    doi = "10.1080/14786440108564170",
    journal = "Phil. Mag. Ser. 7",
    volume = "3",
    pages = "1--21",
    year = "1927"
}

@article{Bargmann:1959gz,
    author = "Bargmann, V. and Michel, Louis and Telegdi, V. L.",
    editor = "Damour, Thibault and Todorov, Ivan and Zhilinskii, Boris",
    title = "{Precession of the polarization of particles moving in a homogeneous electromagnetic field}",
    doi = "10.1103/PhysRevLett.2.435",
    journal = "Phys. Rev. Lett.",
    volume = "2",
    pages = "435--436",
    year = "1959"
}

@article{Wen:2016uhj,
    author = "Wen, Meng and Keitel, Christoph H. and Bauke, Heiko",
    title = "{Spin-one-half particles in strong electromagnetic fields: Spin effects and radiation reaction}",
    eprint = "1610.08951",
    archivePrefix = "arXiv",
    primaryClass = "physics.plasm-ph",
    doi = "10.1103/PhysRevA.95.042102",
    journal = "Phys. Rev. A",
    volume = "95",
    number = "4",
    pages = "042102",
    year = "2017"
}

@article{Frenkel:1926zz,
    author = "Frenkel, J.",
    title = "{Die Elektrodynamik des rotierenden Elektrons}",
    doi = "10.1007/BF01397099",
    journal = "Z. Phys.",
    volume = "37",
    pages = "243--262",
    year = "1926"
}

@article{Good:1962zza,
    author = "Good, R. H.",
    title = "{Classical Equations of Motion for a Polarized Particle in an Electromagnetic Field}",
    doi = "10.1103/PhysRev.125.2112",
    journal = "Phys. Rev.",
    volume = "125",
    pages = "2112--2115",
    year = "1962"
}

@article{DeGrand:1975cf, 
    author = "DeGrand, Thomas A. and Jaffe, R. L. and Johnson, K. and Kiskis, J. E.",
    title = "{Masses and Other Parameters of the Light Hadrons}",
    reportNumber = "MIT-CTP-475",
    doi = "10.1103/PhysRevD.12.2060",
    journal = "Phys. Rev. D",
    volume = "12",
    pages = "2060",
    year = "1975"
}

@book{Jackson:1998nia,
    author = "Jackson, John David",
    title = "{Classical Electrodynamics}",
    isbn = "978-0-471-30932-1",
    publisher = "Wiley",
    year = "1998"
}

@article{Einstein:1905ve,
    author = "Einstein, Albert",
    title = "{On the electrodynamics of moving bodies}",
    doi = "10.1002/andp.200590006",
    journal = "Annalen Phys.",
    volume = "17",
    pages = "891--921",
    year = "1905"
}

@inproceedings{VanHove:1986mz,
    author = "Van Hove, L.",
    title = "{THEORETICAL PREDICTION OF A NEW STATE OF MATTER, THE 'QUARK - GLUON PLASMA' (ALSO CALLED 'QUARK MATTER')}",
    booktitle = "{17th International Symposium on Multiparticle Dynamics}",
    pages = "801--818",
    year = "1986"
}

@article{Chodos:1974pn,
    author = "Chodos, A. and Jaffe, R. L. and Johnson, K. and Thorn, Charles B.",
    title = "{Baryon Structure in the Bag Theory}",
    reportNumber = "MIT-CTP-417",
    doi = "10.1103/PhysRevD.10.2599",
    journal = "Phys. Rev. D",
    volume = "10",
    pages = "2599",
    year = "1974"
}

@article{Chodos:1974je,
    author = "Chodos, A. and Jaffe, R. L. and Johnson, K. and Thorn, Charles B. and Weisskopf, V. F.",
    title = "{A New Extended Model of Hadrons}",
    reportNumber = "MIT-CTP-387-REV, MIT-CTP-387",
    doi = "10.1103/PhysRevD.9.3471",
    journal = "Phys. Rev. D",
    volume = "9",
    pages = "3471--3495",
    year = "1974"
}

@article{Singha:2023eia,
    author = "Singha, Pracheta and Bhadury, Samapan and Mukherjee, Arghya and Jaiswal, Amaresh",
    title = "{Relativistic BGK hydrodynamics}",
    eprint = "2301.00544",
    archivePrefix = "arXiv",
    primaryClass = "nucl-th",
    month = "1",
    year = "2023"
}

@article{Anderson:1974nyl,
    author = "Anderson, J. L. and Witting, H. R.",
    title = "{A relativistic relaxation-time model for the Boltzmann equation}",
    doi = "10.1016/0031-8914(74)90355-3",
    journal = "Physica",
    volume = "74",
    number = "3",
    pages = "466--488",
    year = "1974"
}

@article{Kaspi:2017fwg,
    author = "Kaspi, Victoria M. and Beloborodov, Andrei",
    title = "{Magnetars}",
    eprint = "1703.00068",
    archivePrefix = "arXiv",
    primaryClass = "astro-ph.HE",
    doi = "10.1146/annurev-astro-081915-023329",
    journal = "Ann. Rev. Astron. Astrophys.",
    volume = "55",
    pages = "261--301",
    year = "2017"
}

@article{Huang:2015oca,
    author = "Huang, Xu-Guang",
    title = "{Electromagnetic fields and anomalous transports in heavy-ion collisions --- A pedagogical review}",
    eprint = "1509.04073",
    archivePrefix = "arXiv",
    primaryClass = "nucl-th",
    doi = "10.1088/0034-4885/79/7/076302",
    journal = "Rept. Prog. Phys.",
    volume = "79",
    number = "7",
    pages = "076302",
    year = "2016"
}

@article{Weber:2017pmh,
    author = "Weber, S. and others",
    title = "{P3: An installation for high-energy density plasma physics and ultra-high intensity laser\textendash{}matter interaction at ELI-Beamlines}",
    doi = "10.1016/j.mre.2017.03.003",
    journal = "Matter Radiat. Extremes",
    volume = "2",
    pages = "149--176",
    year = "2017"
}

@article{Das:2021bkz,
    author = "Das, Arpan and Mishra, Hiranmaya and Mohapatra, Ranjita K.",
    title = "{Diffusion matrix associated with the diffusion processes of multiple conserved charges in a hot and dense hadronic matter}",
    eprint = "2109.01543",
    archivePrefix = "arXiv",
    primaryClass = "nucl-th",
    doi = "10.1103/PhysRevD.106.014013",
    journal = "Phys. Rev. D",
    volume = "106",
    number = "1",
    pages = "014013",
    year = "2022"
}

@book{Hakim2011,
author = {Hakim, Rémi},
title = {Introduction to Relativistic Statistical Mechanics},
publisher = {World Scientific},
year = {2011},
doi = {10.1142/7881},
address = {},
edition   = {},
URL = {https://www.worldscientific.com/doi/abs/10.1142/7881},
eprint = {https://www.worldscientific.com/doi/pdf/10.1142/7881}
}

@book{Cercignani2002,
author="Cercignani, Carlo
and Kremer, Gilberto Medeiros",
title="Relativistic Boltzmann Equation",
bookTitle="The Relativistic Boltzmann Equation: Theory and Applications",
year="2002",
publisher="Birkh{\"a}user Basel",
address="Basel",
pages="31--63",
abstract="The purpose of this chapter is to introduce the basic concepts of relativistic kinetic theory and the relativistic Boltzmann equation, which rules the time evolution of the distribution function.",
isbn="978-3-0348-8165-4",
doi="10.1007/978-3-0348-8165-4_2",
url="https://doi.org/10.1007/978-3-0348-8165-4_2"
}
@article{PhysRevB.40.8169,
  title = {Electrical linear-response theory in an arbitrary magnetic field: A new Fermi-surface formation},
  author = {Baranger, Harold U. and Stone, A. Douglas},
  journal = {Phys. Rev. B},
  volume = {40},
  issue = {12},
  pages = {8169--8193},
  numpages = {0},
  year = {1989},
  month = {Oct},
  publisher = {American Physical Society},
  doi = {10.1103/PhysRevB.40.8169},
  url = {https://link.aps.org/doi/10.1103/PhysRevB.40.8169}
}
@article{Greene1973,
    author = {Greene, John M.},
    title = "{Improved Bhatnagar‐Gross‐Krook model of electron‐ion collisions}",
    journal = {The Physics of Fluids},
    volume = {16},
    number = {11},
    pages = {2022-2023},
    year = {1973},
    month = {11},
    abstract = "{Previous models of the BGK type for ion‐electron collisions are modified to produce the correct relation between the time scales for ion‐electron momentum exchange and ion thermalization.}",
    issn = {0031-9171},
    doi = {10.1063/1.1694254},
    url = {https://doi.org/10.1063/1.1694254},
    eprint = {https://pubs.aip.org/aip/pfl/article-pdf/16/11/2022/12262579/2022\_1\_online.pdf},
}
@article{Dougherty1964,
    author = {Dougherty, J. P.},
    title = "{Model Fokker-Planck Equation for a Plasma and Its Solution}",
    journal = {The Physics of Fluids},
    volume = {7},
    number = {11},
    pages = {1788-1799},
    year = {1964},
    month = {11},
    abstract = "{A model Fokker-Planck equation for a single species of particles in a plasma is discussed. This equation has several properties in common with the real equation, and ascribes an approximately correct behavior to most of the particles, though incorrect for the high-energy tail in the thermal distribution. It is shown that the equation can be solved completely, for the small perturbations of a uniform plasma by electric fields harmonic in space and time, in an external magnetic field. Applications to ionospheric radar scattering are briefly discussed; it is shown that in certain circumstances, ion-ion collisions can have a profound effect on the scattering even though the collision frequency is much smaller than the ion gyrofrequency, and this appears to agree with observation.}",
    issn = {0031-9171},
    doi = {10.1063/1.2746779},
    url = {https://doi.org/10.1063/1.2746779},
    eprint = {https://pubs.aip.org/aip/pfl/article-pdf/7/11/1788/12277137/1788\_1\_online.pdf},
}
@article{Francisquez_Juno_Hakim_Hammett_Ernst_2022, title={Improved multispecies Dougherty collisions}, volume={88}, DOI={10.1017/S0022377822000289}, number={3}, journal={Journal of Plasma Physics}, author={Francisquez, Manaure and Juno, James and Hakim, Ammar and Hammett, Gregory W. and Ernst, Darin R.}, year={2022}, pages={905880303}}

@article{Ong_Yu_1970, title={The effect of velocity space diffusion on the universal instability in a plasma}, volume={4}, DOI={10.1017/S0022377800005389}, number={4}, journal={Journal of Plasma Physics}, author={Ong, R. S. B. and Yu, M. Y.}, year={1970}, pages={729–738}} 

@article{MROWCZYNSKI20171,
title = {Color instabilities in the quark–gluon plasma},
journal = {Physics Reports},
volume = {682},
pages = {1-97},
year = {2017},
note = {Color instabilities in the quark-gluon plasma},
issn = {0370-1573},
doi = {https://doi.org/10.1016/j.physrep.2017.03.003},
url = {https://www.sciencedirect.com/science/article/pii/S0370157317300571},
author = {Stanisław Mrówczyński and Björn Schenke and Michael Strickland}}

@article{hurst2014semiclassical,
  title={Semiclassical Vlasov and fluid models for an electron gas with spin effects},
  author={Hurst, J{\'e}r{\^o}me and Morandi, Omar and Manfredi, Giovanni and Hervieux, Paul-Antoine},
  journal={The European Physical Journal D},
  volume={68},
  pages={1--11},
  year={2014},
  publisher={Springer}
}

@article{PhysRevX.14.011028,
  title = {Observation of the Electromagnetic Field Effect via Charge-Dependent Directed Flow in Heavy-Ion Collisions at the Relativistic Heavy Ion Collider},
  author = { Abdulhamid\text{ }et\text{ }al.   },
  collaboration = {STAR Collaboration},
  journal = {Phys. Rev. X},
  volume = {14},
  issue = {1},
  pages = {011028},
  numpages = {12},
  year = {2024},
  month = {Feb},
  publisher = {American Physical Society},
  doi = {10.1103/PhysRevX.14.011028},
  url = {https://link.aps.org/doi/10.1103/PhysRevX.14.011028}
}

@article{Debye:1923,
  title={Zur theorie der elektrolyte. II},
  author={Debye, Peter and H{\"u}ckel, Erich},
  journal={Das Grenzgesetz f{\"u}r die elektrische Leitf{\"a}higkeit. Phys},
  volume={305},
  year={1923}
}
@article{Salpeter:1969apj,
  title={Nuclear reaction rates at high densities},
  author={Salpeter, EE and Van Horn, HM},
  journal={Astrophysical Journal, vol. 155, p. 183},
  volume={155},
  pages={183},
  year={1969},
doi ={10.1086/149858}
}

@article{Carraro:1988apj,
  title={Dynamic screening of thermonuclear reactions},
  author={Carraro, C and Schafer, A and Koonin, SE},
  journal={Astrophysical Journal, Part 1 (ISSN 0004-637X), vol. 331, Aug. 1, 1988, p. 565-571.},
  volume={331},
  pages={565--571},
  year={1988},
doi = "10.1086/166582",
}

@article{Opher:1999jh,
    author = "Opher, Merav and Opher, Reuven",
    title = "{Dynamic screening in thermonuclear reactions}",
    eprint = "astro-ph/9908218",
    archivePrefix = "arXiv",
    doi = "10.1086/308808",
    journal = "Astrophys. J.",
    volume = "535",
    pages = "473--474",
    year = "2000"
}
@article{Yao:2016cjs,
    author = {Yao, Xiaojun and Mehen, Thomas and M\"uller, Berndt},
    title = "{Dynamical screening of \ensuremath{\alpha}-\ensuremath{\alpha} resonant scattering and thermal nuclear scattering rate in a plasma}",
    eprint = "1609.00383",
    archivePrefix = "arXiv",
    primaryClass = "nucl-th",
    doi = "10.1103/PhysRevD.95.116002",
    journal = "Phys. Rev. D",
    volume = "95",
    number = "11",
    pages = "116002",
    year = "2017"
}
@article{Sasankan:2019oee,
    author = "Sasankan, Nishanth and Kedia, Atul and Kusakabe, Motohiko and Mathews, Grant J.",
    title = "{Analysis of the Multi-component Relativistic Boltzmann Equation for Electron Scattering in Big Bang Nucleosynthesis}",
    eprint = "1911.07334",
    archivePrefix = "arXiv",
    primaryClass = "nucl-th",
    doi = "10.1103/PhysRevD.101.123532",
    journal = "Phys. Rev. D",
    volume = "101",
    number = "12",
    pages = "123532",
    year = "2020"
}
@article{Kedia:2020xdc,
    author = "Kedia, Atul and Sasankan, Nishanth and Mathews, Grant J. and Kusakabe, Motohiko",
    title = "{Simulations of Multi-Component Relativistic Thermalization}",
    eprint = "2004.13186",
    archivePrefix = "arXiv",
    primaryClass = "cond-mat.stat-mech",
    doi = "10.1103/PhysRevE.103.032101",
    journal = "Phys. Rev. E",
    volume = "103",
    pages = "032101",
    year = "2021"
}

@article{Pitrou:2021vqr,
    author = "Pitrou, Cyril and Coc, Alain and Uzan, Jean-Philippe and Vangioni, Elisabeth",
    title = "{Resolving conclusions about the early Universe requires accurate nuclear measurements}",
    eprint = "2104.11148",
    archivePrefix = "arXiv",
    primaryClass = "astro-ph.CO",
    doi = "10.1038/s42254-021-00294-6",
    journal = "Nature Rev. Phys.",
    volume = "3",
    number = "4",
    pages = "231--232",
    year = "2021"
}
@article{Bertulani:2022qly,
    author = "Bertulani, Carlos A. and Hall, Francis W. and Santoyo, Benjamin I.",
    title = "{Big Bang nucleosynthesis as a probe of new physics}",
    eprint = "2210.04071",
    archivePrefix = "arXiv",
    primaryClass = "nucl-th",
    doi = "10.1051/epjconf/202327501003",
    journal = "EPJ Web Conf.",
    volume = "275",
    pages = "01003",
    year = "2023"
}
@article{Meissner:2023voo,
    author = "Mei\ss{}ner, Ulf-G. and Metsch, Bernard Ch. and Meyer, Helen",
    title = "{The electromagnetic fine-structure constant in primordial nucleosynthesis revisited}",
    eprint = "2305.15849",
    archivePrefix = "arXiv",
    primaryClass = "hep-th",
    doi = "10.1140/epja/s10050-023-01131-3",
    journal = "Eur. Phys. J. A",
    volume = "59",
    number = "10",
    pages = "223",
    year = "2023"
}
@article{Haro:2023JWST,
  title={Spectroscopic verification of very luminous galaxy candidates in the early universe},
  author={Arrabal Haro, Pablo and Dickinson, Mark and Finkelstein, Steven L and Kartaltepe, Jeyhan S and Donnan, Callum T and Burgarella, Denis and Carnall, Adam and Cullen, Fergus and Dunlop, James S and Fern{\'a}ndez, Vital and others},
  journal={arXiv e-prints},
  pages={arXiv--2303},
  year={2023}
}
@article{Sabti:2023xwo,
    author = "Sabti, Nashwan and Mu\~noz, Julian B. and Kamionkowski, Marc",
    title = "{Insights from HST into Ultramassive Galaxies and Early-Universe Cosmology}",
    eprint = "2305.07049",
    archivePrefix = "arXiv",
    primaryClass = "astro-ph.CO",
    doi = "10.1103/PhysRevLett.132.061002",
    journal = "Phys. Rev. Lett.",
    volume = "132",
    number = "6",
    pages = "061002",
    year = "2024"
}
@article{Ilie:2023DM,
  title={Supermassive Dark Star candidates seen by JWST},
  author={Ilie, Cosmin and Paulin, Jillian and Freese, Katherine},
  journal={Proceedings of the National Academy of Sciences},
  volume={120},
  number={30},
  pages={e2305762120},
  year={2023},
  publisher={National Acad Sciences},
doi ="10.1073/pnas.2305762120"
}

@article{Montgomery:1970jpp,
doi = {10.1088/0032-1028/10/7/304},
url = {https://dx.doi.org/10.1088/0032-1028/10/7/304},
year = {1968},
month = {jan},
publisher={IOP Publishing},
volume = {10},
number = {7},
pages = {681},
author = {D Montgomery and  G Joyce and  Ryo Sugihara},
title = {Inverse third power law for the shielding of test particles},
journal = {Plasma Physics}
}

@article{Stenflo:1973,
  title={Shielding of a slow test charge in a collisional plasma},
  author={Stenflo, L and Yu, MY and Shukla, PK},
  journal={Physics of Fluids},
  volume={16},
  number={3},
  pages={450--452},
  year={1973},
doi ="10.1063/1.1694361"
}
@book{Shukla:2002ppcf,
  title={Introduction to dusty plasma physics},
  author={Shukla, Padma K and Mamun, AA},
  year={2015},
  publisher={CRC press},
doi ="doi:10.1088/0741-3335/44/3/701"
}
@article{Lampe:2000pop,
  title={Interactions between dust grains in a dusty plasma},
  author={Lampe, Martin and Joyce, Glenn and Ganguli, Gurudas and Gavrishchaka, Valeriy},
  journal={Physics of Plasmas},
  volume={7},
  number={10},
  pages={3851--3861},
  year={2000},
  publisher={AIP Publishing},
doi="10.1063/1.1288910"
}
@article{Grayson:2022asf,
    author = "Grayson, Christopher and Formanek, Martin and Rafelski, Johann and Mueller, Berndt",
    title = "{Dynamic magnetic response of the quark-gluon plasma to electromagnetic fields}",
    eprint = "2204.14186",
    archivePrefix = "arXiv",
    primaryClass = "hep-ph",
    doi = "10.1103/PhysRevD.106.014011",
    journal = "Phys. Rev. D",
    volume = "106",
    number = "1",
    pages = "014011",
    year = "2022"
}

@article{Steinmetz:2023abc,
    author = "Steinmetz, Andrew and Yang, Cheng Tao and Rafelski, Johann",
    title = "{Matter-antimatter origin of cosmic magnetism}",
    eprint = "2308.14818",
    archivePrefix = "arXiv",
    primaryClass = "hep-ph",
    doi = "10.1103/PhysRevD.108.123522",
    journal = "Phys. Rev. D",
    volume = "108",
    number = "12",
    pages = "123522",
    year = "2023"
}
@article{Shukla1996,
    author = {Shukla, P. K. and Rao, N. N.},
    title = "{Coulomb crystallization in colloidal plasmas with streaming ions and dust grains}",
    journal = {Physics of Plasmas},
    volume = {3},
    number = {5},
    pages = {1770-1772},
    year = {1996},
    month = {05},
    issn = {1070-664X},
    doi = {10.1063/1.871695},
    url = {https://doi.org/10.1063/1.871695},
    eprint = {https://pubs.aip.org/aip/pop/article-pdf/3/5/1770/19193668/1770\_1\_online.pdf},
}
@article{Hakim:1967prd,
  title = {Relativistic Perfect Gas in an External Force Field},
  author = {Hakim, Remi},
  journal = {Phys. Rev.},
  volume = {162},
  issue = {1},
  pages = {128--133},
  numpages = {0},
  year = {1967},
  month = {Oct},
  publisher = {American Physical Society},
  doi = {10.1103/PhysRev.162.128},
  url = {https://link.aps.org/doi/10.1103/PhysRev.162.128}
}
@book{DeGroot:1980dk,
    author = "De Groot, S. R. and Van Leeuwen, W. A. and Van Weert, C. G.",
    publisher ="North Holland",
    title = "{Relativistic Kinetic Theory. Principles and Applications}",
    year = "1980"
}
@article{Gouy:1910,
  title={Sur la constitution de la charge \'electrique \`a la surface d’un \'electrolyte},
  author={M. Gouy},
  journal={J. Phys. Theor. Appl.},
  volume={9},
  number={1},
  pages={457--468},
  year={1910},
 doi = {10.1051/jphystap:019100090045700 }
}
@article{Thomas:1994prl,
  title = {Plasma Crystal: Coulomb Crystallization in a Dusty Plasma},
  author = {Thomas, H. and Morfill, G. E. and Demmel, V. and Goree, J. and Feuerbacher, B. and M\"ohlmann, D.},
  journal = {Phys. Rev. Lett.},
  volume = {73},
  issue = {5},
  pages = {652--655},
  numpages = {0},
  year = {1994},
  month = {Aug},
  publisher = {American Physical Society},
  doi = {10.1103/PhysRevLett.73.652},
  url = {https://link.aps.org/doi/10.1103/PhysRevLett.73.652}
}
@article{Gupta:2023mn,
    author = {Gupta, Rajendra P},
    title = "{JWST early Universe observations and $\Lambda$CDM cosmology}",
    journal = {Monthly Notices of the Royal Astronomical Society},
    volume = {524},
    number = {3},
    pages = {3385-3395},
    year = {2023},
    month = {07},
    issn = {0035-8711},
    doi = {10.1093/mnras/stad2032},
    url = {https://doi.org/10.1093/mnras/stad2032},
    eprint = {https://academic.oup.com/mnras/article-pdf/524/3/3385/51015444/stad2032.pdf},
}
@article{Labaune:2013dla,
    author = "Labaune, C. and Baccou, C. and Depierreux, S. and Goyon, C. and Loisel, G. and Yahia, V. and Rafelski, J.",
    title = "{Fusion reactions initiated by laser-accelerated particle beams in a laser-produced plasma}",
    eprint = "1310.2002",
    archivePrefix = "arXiv",
    primaryClass = "physics.plasm-ph",
    doi = "10.1038/ncomms3506",
    journal = "Nature Commun.",
    volume = "4",
    pages = "2506",
    year = "2013"
}

@article{Margarone:2022mdpi,
  title={In-target proton--boron nuclear fusion using a PW-class laser},
  author={Margarone, Daniele and Bonvalet, Julien and Giuffrida, Lorenzo and Morace, Alessio and Kantarelou, Vasiliki and Tosca, Marco and Raffestin, Didier and Nicolai, Philippe and Picciotto, Antonino and Abe, Yuki and others},
  journal={MDPI Applied sciences},
  volume={12},
  number={3},
  pages={1444},
  year={2022},
  publisher={Multidisciplinary Digital Publishing Institute},
doi ={10.3390/app12031444}
}
@article{Buyukcizmeci:2023azb,
    author = "Buyukcizmeci, N. and Reichert, T. and Botvina, A. S. and Bleicher, M.",
    title = "{Nucleosynthesis of light nuclei and hypernuclei in central Au+Au collisions at sNN=3 GeV}",
    eprint = "2306.17145",
    archivePrefix = "arXiv",
    primaryClass = "nucl-th",
    doi = "10.1103/PhysRevC.108.054904",
    journal = "Phys. Rev. C",
    volume = "108",
    number = "5",
    pages = "054904",
    year = "2023"
}
@article{Zhao:2020jqu,
    author = "Zhao, Jiaxing and Zhou, Kai and Chen, Shile and Zhuang, Pengfei",
    title = "{Heavy flavors under extreme conditions in high energy nuclear collisions}",
    eprint = "2005.08277",
    archivePrefix = "arXiv",
    primaryClass = "nucl-th",
    doi = "10.1016/j.ppnp.2020.103801",
    journal = "Prog. Part. Nucl. Phys.",
    volume = "114",
    pages = "103801",
    year = "2020"
}

@article{bahcall2001solar,
doi = {10.1086/321493},
url = {https://dx.doi.org/10.1086/321493},
year = {2001},
month = {jul},
publisher = {},
volume = {555},
number = {2},
pages = {990},
author = {John N. Bahcall and M. H. Pinsonneault and Sarbani Basu},
title = {Solar Models: Current Epoch and Time Dependences, Neutrinos, and Helioseismological Properties},
journal = {The Astrophysical Journal}
}



@article{PhysRevC.89.015802,
  title = {Strong plasma screening in thermonuclear reactions: Electron drop model},
  author = {Kravchuk, P. A. and Yakovlev, D. G.},
  journal = {Phys. Rev. C},
  volume = {89},
  issue = {1},
  pages = {015802},
  numpages = {14},
  year = {2014},
  month = {Jan},
  publisher = {American Physical Society},
  doi = {10.1103/PhysRevC.89.015802},
  url = {https://link.aps.org/doi/10.1103/PhysRevC.89.015802}
}

@article{ferreira2023jwst,
doi = {10.3847/1538-4357/acec76},
url = {https://dx.doi.org/10.3847/1538-4357/acec76},
year = {2023},
month = {sep},
publisher = {The American Astronomical Society},
volume = {955},
number = {2},
pages = {94},
author = {Leonardo Ferreira and Christopher J. Conselice and Elizaveta Sazonova and Fabricio Ferrari and Joseph Caruana and Clár-Bríd Tohill and Geferson Lucatelli and Nathan Adams and Dimitrios Irodotou and Madeline A. Marshall and Will J. Roper and Christopher C. Lovell and Aprajita Verma and Duncan Austin and James Trussler and Stephen M. Wilkins},
title = {The JWST Hubble Sequence: The Rest-frame Optical Evolution of Galaxy Structure at $1.5 > z > 6.5$},
journal = {The Astrophysical Journal}
}



@article{rafelski2013connecting,
  title={Connecting qgp-heavy ion physics to the early universe},
  author={Rafelski, Johann},
  journal={Nuclear Physics B-Proceedings Supplements},
  volume={243},
  pages={155--162},
  year={2013},
  publisher={Elsevier}
}
@article{
doi:10.1073/pnas.1914599117,
author = {Håkan Wennerström  and Eloy Vallina Estrada  and Jens Danielsson  and Mikael Oliveberg },
title = {Colloidal stability of the living cell},
journal = {Proceedings of the National Academy of Sciences},
volume = {117},
number = {19},
pages = {10113-10121},
year = {2020},
doi = {10.1073/pnas.1914599117},
URL = {https://www.pnas.org/doi/abs/10.1073/pnas.1914599117},
eprint = {https://www.pnas.org/doi/pdf/10.1073/pnas.1914599117},
}
@mastersthesis{Yang:2024ret,
    author = "Yang, Cheng Tao",
    title = "{Elementary Particles and Plasma in the First Hour of the Early Universe}",
    eprint = "2401.09653",
    archivePrefix = "arXiv",
    primaryClass = "hep-ph",
    type = "Thesis",
    month = "1",
    year = "2024",
    School = "The University of Arizona"
}
@article{Zhang_2020,
doi = {10.3847/1538-4357/ab8222},
url = {https://dx.doi.org/10.3847/1538-4357/ab8222},
year = {2020},
month = {apr},
publisher = {The American Astronomical Society},
volume = {893},
number = {2},
pages = {126},
author = {Qian Zhang and Zhenglin Huang and Jun Hu and Bingjun Chen and Suqing Hou and Tieshan Wang and Kaihong Fang},
title = {Astrophysical S(E) for the $9\text{Be}(p, d)^8\text{Be}$ and $^9\text{Be}(p, \alpha)^6\text{Li}$ Reactions by Direct Measurement},
journal = {The Astrophysical Journal}
}
@article{PhysRevD.26.2789,
  title = {Effective fermion masses of order $\mathrm{gT}$ in high-temperature gauge theories with exact chiral invariance},
  author = {Weldon, H. Arthur},
  journal = {Phys. Rev. D},
  volume = {26},
  issue = {10},
  pages = {2789--2796},
  numpages = {0},
  year = {1982},
  month = {Nov},
  publisher = {American Physical Society},
  doi = {10.1103/PhysRevD.26.2789},
  url = {https://link.aps.org/doi/10.1103/PhysRevD.26.2789}
}

@article{Tuchin:2010vs,
    author = "Tuchin, Kirill",
    title = "{Synchrotron radiation by fast fermions in heavy-ion collisions}",
    eprint = "1006.3051",
    archivePrefix = "arXiv",
    primaryClass = "nucl-th",
    reportNumber = "RBRC-845",
    doi = "10.1103/PhysRevC.83.039903",
    journal = "Phys. Rev. C",
    volume = "82",
    pages = "034904",
    year = "2010",
    note = "[Erratum: Phys.Rev.C 83, 039903 (2011)]"
}
@article{Deng:2012pc,
    author = "Deng, Wei-Tian and Huang, Xu-Guang",
    title = "{Event-by-event generation of electromagnetic fields in heavy-ion collisions}",
    eprint = "1201.5108",
    archivePrefix = "arXiv",
    primaryClass = "nucl-th",
    doi = "10.1103/PhysRevC.85.044907",
    journal = "Phys. Rev. C",
    volume = "85",
    pages = "044907",
    year = "2012"
}
@article{Tuchin:2013apa,
    author = "Tuchin, Kirill",
    title = "{Time and space dependence of the electromagnetic field in relativistic heavy-ion collisions}",
    eprint = "1305.5806",
    archivePrefix = "arXiv",
    primaryClass = "hep-ph",
    doi = "10.1103/PhysRevC.88.024911",
    journal = "Phys. Rev. C",
    volume = "88",
    number = "2",
    pages = "024911",
    year = "2013"
}
@article{McLerran:2013hla,
    author = "McLerran, L. and Skokov, V.",
    title = "{Comments About the Electromagnetic Field in Heavy-Ion Collisions}",
    eprint = "1305.0774",
    archivePrefix = "arXiv",
    primaryClass = "hep-ph",
    reportNumber = "BNL-100762-2013-JA",
    doi = "10.1016/j.nuclphysa.2014.05.008",
    journal = "Nucl. Phys. A",
    volume = "929",
    pages = "184--190",
    year = "2014"
}
@article{Gursoy:2014aka,
    author = "Gursoy, Umut and Kharzeev, Dmitri and Rajagopal, Krishna",
    title = "{Magnetohydrodynamics, charged currents and directed flow in heavy ion collisions}",
    eprint = "1401.3805",
    archivePrefix = "arXiv",
    primaryClass = "hep-ph",
    doi = "10.1103/PhysRevC.89.054905",
    journal = "Phys. Rev. C",
    volume = "89",
    number = "5",
    pages = "054905",
    year = "2014"
}
@article{Roy:2015kma,
    author = "Roy, Victor and Pu, Shi and Rezzolla, Luciano and Rischke, Dirk",
    title = "{Analytic Bjorken flow in one-dimensional relativistic magnetohydrodynamics}",
    eprint = "1506.06620",
    archivePrefix = "arXiv",
    primaryClass = "nucl-th",
    doi = "10.1016/j.physletb.2015.08.046",
    journal = "Phys. Lett. B",
    volume = "750",
    pages = "45--52",
    year = "2015"
}
@article{Li:2016tel,
    author = "Li, Hui and Sheng, Xin-li and Wang, Qun",
    title = "{Electromagnetic fields with electric and chiral magnetic conductivities in heavy ion collisions}",
    eprint = "1602.02223",
    archivePrefix = "arXiv",
    primaryClass = "nucl-th",
    reportNumber = "USTC-ICTS-16-01",
    doi = "10.1103/PhysRevC.94.044903",
    journal = "Phys. Rev. C",
    volume = "94",
    number = "4",
    pages = "044903",
    year = "2016"
}
@article{Inghirami:2016iru,
    author = "Inghirami, Gabriele and Del Zanna, Luca and Beraudo, Andrea and Moghaddam, Mohsen Haddadi and Becattini, Francesco and Bleicher, Marcus",
    title = "{Numerical magneto-hydrodynamics for relativistic nuclear collisions}",
    eprint = "1609.03042",
    archivePrefix = "arXiv",
    primaryClass = "hep-ph",
    doi = "10.1140/epjc/s10052-016-4516-8",
    journal = "Eur. Phys. J. C",
    volume = "76",
    number = "12",
    pages = "659",
    year = "2016"
}
@article{Inghirami:2019mkc,
    author = "Inghirami, Gabriele and Mace, Mark and Hirono, Yuji and Del Zanna, Luca and Kharzeev, Dmitri E. and Bleicher, Marcus",
    title = "{Magnetic fields in heavy ion collisions: flow and charge transport}",
    eprint = "1908.07605",
    archivePrefix = "arXiv",
    primaryClass = "hep-ph",
    doi = "10.1140/epjc/s10052-020-7847-4",
    journal = "Eur. Phys. J. C",
    volume = "80",
    number = "3",
    pages = "293",
    year = "2020"
}
@article{Yan:2021zjc,
    author = "Yan, Li and Huang, Xu-Guang",
    title = "{Dynamical evolution of a magnetic field in the preequilibrium quark-gluon plasma}",
    eprint = "2104.00831",
    archivePrefix = "arXiv",
    primaryClass = "nucl-th",
    doi = "10.1103/PhysRevD.107.094028",
    journal = "Phys. Rev. D",
    volume = "107",
    number = "9",
    pages = "094028",
    year = "2023"
}
@article{Wang:2021oqq,
    author = "Wang, Zeyan and Zhao, Jiaxing and Greiner, Carsten and Xu, Zhe and Zhuang, Pengfei",
    title = "{Incomplete electromagnetic response of hot QCD matter}",
    eprint = "2110.14302",
    archivePrefix = "arXiv",
    primaryClass = "hep-ph",
    doi = "10.1103/PhysRevC.105.L041901",
    journal = "Phys. Rev. C",
    volume = "105",
    number = "4",
    pages = "L041901",
    year = "2022"
}

@article{Florkowski:2017olj,
    author = "Florkowski, Wojciech and Heller, Michal P. and Spalinski, Michal",
    title = "{New theories of relativistic hydrodynamics in the LHC era}",
    eprint = "1707.02282",
    archivePrefix = "arXiv",
    primaryClass = "hep-ph",
    doi = "10.1088/1361-6633/aaa091",
    journal = "Rept. Prog. Phys.",
    volume = "81",
    number = "4",
    pages = "046001",
    year = "2018"
}


@article{Song:2007ux,
    author = "Song, Huichao and Heinz, Ulrich W.",
    title = "{Causal viscous hydrodynamics in 2+1 dimensions for relativistic heavy-ion collisions}",
    eprint = "0712.3715",
    archivePrefix = "arXiv",
    primaryClass = "nucl-th",
    reportNumber = "CERN-PH-TH-2007-269",
    doi = "10.1103/PhysRevC.77.064901",
    journal = "Phys. Rev. C",
    volume = "77",
    pages = "064901",
    year = "2008"
}

@article{Romatschke:2015gic,
    author = "Romatschke, Paul",
    title = "{Retarded correlators in kinetic theory: branch cuts, poles and hydrodynamic onset transitions}",
    eprint = "1512.02641",
    archivePrefix = "arXiv",
    primaryClass = "hep-th",
    doi = "10.1140/epjc/s10052-016-4169-7",
    journal = "Eur. Phys. J. C",
    volume = "76",
    number = "6",
    pages = "352",
    year = "2016"
}
@article{Kapusta:1992fm,
    author = "Kapusta, Joseph I.",
    title = "{Screening of static QED electric fields in hot QCD}",
    reportNumber = "PRINT-92-0309 (MINNESOTA)",
    doi = "10.1103/PhysRevD.46.4749",
    journal = "Phys. Rev. D",
    volume = "46",
    pages = "4749--4753",
    year = "1992"
}
@article{Jackson:2019mop,
    author = "Jackson, G.",
    title = "{Two-loop thermal spectral functions with general kinematics}",
    eprint = "1910.07552",
    archivePrefix = "arXiv",
    primaryClass = "hep-ph",
    doi = "10.1103/PhysRevD.100.116019",
    journal = "Phys. Rev. D",
    volume = "100",
    number = "11",
    pages = "116019",
    year = "2019"
}

@article{Drude:1900,
  title={Zur elektronentheorie der metalle},
  author={Drude, Paul},
  journal={Annalen der Physik},
  volume={312},
  number={3},
  pages={687--692},
  year={1902},
  publisher={WILEY-VCH Verlag Leipzig},
doi ={10.1002/andp.19003060312}
}
@article{Aarts:2020dda,
    author = "Aarts, Gert and Nikolaev, Aleksandr",
    title = "{Electrical conductivity of the quark-gluon plasma: perspective from lattice QCD}",
    eprint = "2008.12326",
    archivePrefix = "arXiv",
    primaryClass = "hep-lat",
    doi = "10.1140/epja/s10050-021-00436-5",
    journal = "Eur. Phys. J. A",
    volume = "57",
    number = "4",
    pages = "118",
    year = "2021"
}
@article{Brandt:2012jc,
    author = "Brandt, Bastian B. and Francis, Anthony and Meyer, Harvey B. and Wittig, Hartmut",
    title = "{Thermal Correlators in the \textbackslash{}rho\textbackslash{} channel of two-flavor QCD}",
    eprint = "1212.4200",
    archivePrefix = "arXiv",
    primaryClass = "hep-lat",
    doi = "10.1007/JHEP03(2013)100",
    journal = "JHEP",
    volume = "03",
    pages = "100",
    year = "2013"
}
@article{Amato:2013naa,
    author = "Amato, Alessandro and Aarts, Gert and Allton, Chris and Giudice, Pietro and Hands, Simon and Skullerud, Jon-Ivar",
    title = "{Electrical conductivity of the quark-gluon plasma across the deconfinement transition}",
    eprint = "1307.6763",
    archivePrefix = "arXiv",
    primaryClass = "hep-lat",
    doi = "10.1103/PhysRevLett.111.172001",
    journal = "Phys. Rev. Lett.",
    volume = "111",
    number = "17",
    pages = "172001",
    year = "2013"
}
@article{Aarts:2014nba,
    author = "Aarts, Gert and Allton, Chris and Amato, Alessandro and Giudice, Pietro and Hands, Simon and Skullerud, Jon-Ivar",
    title = "{Electrical conductivity and charge diffusion in thermal QCD from the lattice}",
    eprint = "1412.6411",
    archivePrefix = "arXiv",
    primaryClass = "hep-lat",
    reportNumber = "HIP-2014-34-TH, INT-PUB-14-060, MS-TP-14-40",
    doi = "10.1007/JHEP02(2015)186",
    journal = "JHEP",
    volume = "02",
    pages = "186",
    year = "2015"
}
@article{Brandt:2015aqk,
    author = {Brandt, Bastian B. and Francis, Anthony and J\"ager, Benjamin and Meyer, Harvey B.},
    title = "{Charge transport and vector meson dissociation across the thermal phase transition in lattice QCD with two light quark flavors}",
    eprint = "1512.07249",
    archivePrefix = "arXiv",
    primaryClass = "hep-lat",
    reportNumber = "MITP-15-019",
    doi = "10.1103/PhysRevD.93.054510",
    journal = "Phys. Rev. D",
    volume = "93",
    number = "5",
    pages = "054510",
    year = "2016"
}
@article{Astrakhantsev:2019zkr,
    author = "Astrakhantsev, Nikita and Braguta, V. V. and D'Elia, Massimo and Kotov, A. Yu. and Nikolaev, A. A. and Sanfilippo, Francesco",
    title = "{Lattice study of the electromagnetic conductivity of the quark-gluon plasma in an external magnetic field}",
    eprint = "1910.08516",
    archivePrefix = "arXiv",
    primaryClass = "hep-lat",
    doi = "10.1103/PhysRevD.102.054516",
    journal = "Phys. Rev. D",
    volume = "102",
    number = "5",
    pages = "054516",
    year = "2020"
}
@article{Greif:2014oia,
    author = "Greif, Moritz and Bouras, Ioannis and Greiner, Carsten and Xu, Zhe",
    title = "{Electric conductivity of the quark-gluon plasma investigated using a perturbative QCD based parton cascade}",
    eprint = "1408.7049",
    archivePrefix = "arXiv",
    primaryClass = "nucl-th",
    doi = "10.1103/PhysRevD.90.094014",
    journal = "Phys. Rev. D",
    volume = "90",
    number = "9",
    pages = "094014",
    year = "2014"
}

@article{Kharzeev:2007jp,
    author = "Kharzeev, Dmitri E. and McLerran, Larry D. and Warringa, Harmen J.",
    title = "{The Effects of topological charge change in heavy ion collisions: 'Event by event P and CP violation'}",
    eprint = "0711.0950",
    archivePrefix = "arXiv",
    primaryClass = "hep-ph",
    doi = "10.1016/j.nuclphysa.2008.02.298",
    journal = "Nucl. Phys. A",
    volume = "803",
    pages = "227--253",
    year = "2008"
}
@article{Bass:2000ib,
    author = "Bass, S. A. and Dumitru, A.",
    title = "{Dynamics of hot bulk QCD matter: From the quark gluon plasma to hadronic freezeout}",
    eprint = "nucl-th/0001033",
    archivePrefix = "arXiv",
    doi = "10.1103/PhysRevC.61.064909",
    journal = "Phys. Rev. C",
    volume = "61",
    pages = "064909",
    year = "2000"
}
@article{Muller:2018ibh,
    author = {M\"uller, Berndt and Sch\"afer, Andreas},
    title = "{Chiral magnetic effect and an experimental bound on the late time magnetic field strength}",
    eprint = "1806.10907",
    archivePrefix = "arXiv",
    primaryClass = "hep-ph",
    doi = "10.1103/PhysRevD.98.071902",
    journal = "Phys. Rev. D",
    volume = "98",
    number = "7",
    pages = "071902",
    year = "2018"
}
@article{Letessier:1992xd,
    author = "Letessier, Jean and Tounsi, Ahmed and Heinz, Ulrich W. and Sollfrank, Josef and Rafelski, Johann",
    title = "{Evidence for a high entropy phase in nuclear collisions}",
    eprint = "hep-ph/9711349",
    archivePrefix = "arXiv",
    reportNumber = "PAR-LPTHE-92-37, TPR-92-39, AZPH-TH-92-30",
    doi = "10.1103/PhysRevLett.70.3530",
    journal = "Phys. Rev. Lett.",
    volume = "70",
    pages = "3530--3533",
    year = "1993"
}

@article{Song:2010mg,
    author = "Song, Huichao and Bass, Steffen A. and Heinz, Ulrich and Hirano, Tetsufumi and Shen, Chun",
    title = "{200 A GeV Au+Au collisions serve a nearly perfect quark-gluon liquid}",
    eprint = "1011.2783",
    archivePrefix = "arXiv",
    primaryClass = "nucl-th",
    doi = "10.1103/PhysRevLett.106.192301",
    journal = "Phys. Rev. Lett.",
    volume = "106",
    pages = "192301",
    year = "2011",
    note = "[Erratum: Phys.Rev.Lett. 109, 139904 (2012)]"
}
@article{Stewart:2021mjz,
    author = "Stewart, Evan and Tuchin, Kirill",
    title = "{Continuous evolution of electromagnetic field in heavy-ion collisions}",
    eprint = "2106.09124",
    archivePrefix = "arXiv",
    primaryClass = "nucl-th",
    doi = "10.1016/j.nuclphysa.2021.122308",
    journal = "Nucl. Phys. A",
    volume = "1016",
    pages = "122308",
    year = "2021"
}
@article{DeVries:1987atn,
    author = "De Vries, H. and De Jager, C. W. and De Vries, C.",
    title = "{Nuclear charge and magnetization density distribution parameters from elastic electron scattering}",
    doi = "10.1016/0092-640X(87)90013-1",
    journal = "Atom. Data Nucl. Data Tabl.",
    volume = "36",
    pages = "495--536",
    year = "1987"
}






@article{doi:10.1146/annurev-nucl-021920-095245,
author = {Becattini, Francesco and Lisa, Michael A.},
title = {Polarization and Vorticity in the Quark–Gluon Plasma},
journal = {Annual Review of Nuclear and Particle Science},
volume = {70},
number = {1},
pages = {395-423},
year = {2020},
doi = {10.1146/annurev-nucl-021920-095245},

URL = { 
    
        https://doi.org/10.1146/annurev-nucl-021920-095245
},
eprint = { 
    
        https://doi.org/10.1146/annurev-nucl-021920-095245
}

}


@article{PhysRevC.93.064907,
  title = {Vorticity in heavy-ion collisions},
  author = {Deng, Wei-Tian and Huang, Xu-Guang},
  journal = {Phys. Rev. C},
  volume = {93},
  issue = {6},
  pages = {064907},
  numpages = {16},
  year = {2016},
  month = {Jun},
  publisher = {American Physical Society},
  doi = {10.1103/PhysRevC.93.064907},
  url = {https://link.aps.org/doi/10.1103/PhysRevC.93.064907}
}

@article{PhysRevC.94.044910,
  title = {Rotating quark-gluon plasma in relativistic heavy-ion collisions},
  author = {Jiang, Yin and Lin, Zi-Wei and Liao, Jinfeng},
  journal = {Phys. Rev. C},
  volume = {94},
  issue = {4},
  pages = {044910},
  numpages = {9},
  year = {2016},
  month = {Oct},
  publisher = {American Physical Society},
  doi = {10.1103/PhysRevC.94.044910},
  url = {https://link.aps.org/doi/10.1103/PhysRevC.94.044910}
}

@article{PhysRevC.87.034906,
  title = {Flow vorticity in peripheral high-energy heavy-ion collisions},
  author = {Csernai, L. P. and Magas, V. K. and Wang, D. J.},
  journal = {Phys. Rev. C},
  volume = {87},
  issue = {3},
  pages = {034906},
  numpages = {9},
  year = {2013},
  month = {Mar},
  publisher = {American Physical Society},
  doi = {10.1103/PhysRevC.87.034906},
  url = {https://link.aps.org/doi/10.1103/PhysRevC.87.034906}
}

@article{chernikov1964equilibrium,
  title={Equilibrium distribution of the relativistic gas},
  author={Chernikov, NA180286},
  journal={Acta Phys. Pol},
  volume={26},
  pages={1069--1092},
  year={1964},
    url={https://www.actaphys.uj.edu.pl/fulltext?series=T&vol=26&no=6&page=1069}
}