@phdthesis{Steinmetz:2023ucp,
author = "Steinmetz, Andrew",
title = "{Modern topics in relativistic spin dynamics and magnetism}",
eprint = "2310.07193",
archivePrefix = "arXiv",
primaryClass = "hep-ph",
school = "Arizona U.",
year = "2023",
note = "HDL: \href{https://hdl.handle.net/10150/670301}{10150/670301}"

}
@article{Ruffini:2009hg,
author = "Ruffini, R. and Vereshchagin, G. and Xue, S. S.",
title = "{Electron-positron pairs in physics and astrophysics: from heavy nuclei to black holes}",
eprint = "0910.0974",
archivePrefix = "arXiv",
primaryClass = "astro-ph.HE",
doi = "10.1016/j.physrep.2009.10.004",
journal = "Phys. Rept.",
volume = "487",
pages = "1--140",
year = "2010"
}
@article{Ruffini:2012it,
author = "Ruffini, R. and Vereshchagin, G.",
title = "{Electron-positron plasma in GRBs and in cosmology}",
eprint = "1205.3512",
archivePrefix = "arXiv",
primaryClass = "astro-ph.CO",
doi = "10.1393/ncc/i2013-11500-0",
journal = "Nuovo Cim. C",
volume = "036",
number = "s01",
pages = "255--266",
year = "2013"
}
@article{Giovannini:2022rrl,
title = {The scaling of primordial gauge fields},
journal = {Physics Letters B},
volume = {842},
pages = {137967},
year = {2023},
issn = {0370-2693},
doi = {10.1016/j.physletb.2023.137967},
author = {Giovannini, M.},
}

@article{Giovannini:2017rbc,
author = "Giovannini, M.",
title = "{Probing large-scale magnetism with the Cosmic Microwave Background}",
eprint = "1712.07598",
archivePrefix = "arXiv",
primaryClass = "astro-ph.CO",
reportNumber = "CERN-TH-2018-093",
doi = "10.1088/1361-6382/aab17d",
journal = "Class. Quant. Grav.",
volume = "35",
number = "8",
pages = "084003",
year = "2018"
}

@article{Ferrer:2019xlr,
author = "Ferrer, E. J. and Hackebill, A.",
title = "{Thermodynamics of Neutrons in a Magnetic Field and its Implications for Neutron Stars}",
eprint = "1903.08224",
archivePrefix = "arXiv",
primaryClass = "nucl-th",
doi = "10.1103/PhysRevC.99.065803",
journal = "Phys. Rev. C",
volume = "99",
number = "6",
pages = "065803",
year = "2019"
}

@article{Ferrer:2023pgq,
author = "Ferrer, E. J. and Hackebill, A.",
title = "{The Importance of the Pressure Anisotropy Induced by Strong Magnetic Fields on Neutron Star Physics}",
doi = "10.1088/1742-6596/2536/1/012007",
journal = "J. Phys. Conf. Ser.",
volume = "2536",
number = "1",
pages = "012007",
year = "2023"
}

@article{Gaensler:2004gk,
title={The origin and evolution of cosmic magnetism},
author={Gaensler, B. M. and Beck, R. and Feretti, L.},
journal={New Astronomy Reviews},
doi={10.1016/j.newar.2004.09.003},
volume={48},
number={11-12},
pages={1003--1012},
year={2004},
publisher={Elsevier}
}
@article{Evans:2022fsu,
author = "Evans, S. and Rafelski, J.",
title = "{Emergence of periodic in magnetic moment effective QED action}",
eprint = "2203.13145",
archivePrefix = "arXiv",
primaryClass = "hep-ph",
doi = "10.1016/j.physletb.2022.137190",
journal = "Phys. Lett. B",
volume = "831",
pages = "137190",
year = "2022"
}

@article{Bahcall:2000nu,
doi = {10.1086/321493},
year = {2001},
month = {jul},
publisher = {},
volume = {555},
number = {2},
pages = {990},
author = {J. N. Bahcall and M. H. Pinsonneault and S. Basu},
title = {Solar Models: Current Epoch and Time Dependences, Neutrinos, and Helioseismological Properties},
journal = {The Astrophysical Journal}
}

@article{Castellani:1996cm,
title={Solar neutrinos: Beyond standard solar models},
author={Castellani, V. and Degl'Innocenti, S. and Fiorentini, G. and Lissia, M. and Ricci, B.},
journal={Physics Reports},
volume={281},
number={5-6},
pages={309--398},
year={1997},
publisher={Elsevier},
doi={10.1016/S0370-1573(96)00032-4}
}

@article{Kronberg:1993vk,
title={Extragalactic magnetic fields},
author={Kronberg, P. P.},
journal={Reports on Progress in Physics},
volume={57},
number={4},
pages={325},
year={1994},
publisher={IOP Publishing},
doi={10.1088/0034-4885/57/4/001}
}

@article{Pomakov:2022cem,
author = {{Pomakov}, V.~P. and {O'Sullivan}, S.~P. and {Br{\"u}ggen}, M. and {Vazza}, F. and {Carretti}, E. and {Heald}, G.~H. and {Horellou}, C. and {Shimwell}, T. and {Shulevski}, A. and {Vernstrom}, T.},
title = "{The redshift evolution of extragalactic magnetic fields}",
journal={Monthly Notices of the Royal Astronomical Society},
keywords = {techniques: polarimetric, galaxies: active, intergalactic medium, galaxies: magnetic fields, large-scale structure of Universe, radio continuum: galaxies},
year = 2022,
volume = {515},
number = {1},
pages = {256-270},
doi = {10.1093/mnras/stac1805}
}

@article{Vazza:2017qge,
author = {Vazza, F. and Br\"uggen, M. and Gheller, C. and Hackstein, S. and Wittor, D. and Hinz, P. M.},
title = "{Simulations of extragalactic magnetic fields and of their observables}",
eprint = "1711.02669",
archivePrefix = "arXiv",
primaryClass = "astro-ph.CO",
doi = "10.1088/1361-6382/aa8e60",
journal = "Class. Quant. Grav.",
volume = "34",
number = "23",
pages = "234001",
year = "2017"
}

@article{Pshirkov:2015tua,
author = "Pshirkov, M. S. and Tinyakov, P. G. and Urban, F. R.",
title = "{New limits on extragalactic magnetic fields from rotation measures}",
eprint = "1504.06546",
archivePrefix = "arXiv",
primaryClass = "astro-ph.CO",
doi = "10.1103/PhysRevLett.116.191302",
journal = "Phys. Rev. Lett.",
volume = "116",
number = "19",
pages = "191302",
year = "2016"
}

@article{Vernstrom:2021hru,
author = {Vernstrom, T. and Heald, G. and Vazza, F. and Galvin, T. J. and West, J. L. and Locatelli, N. and Fornengo, N. and Pinetti, E.},
title = "{Discovery of magnetic fields along stacked cosmic filaments as revealed by radio and X-ray emission}",
journal = {Monthly Notices of the Royal Astronomical Society},
volume = {505},
number = {3},
pages = {4178-4196},
year = {2021},
month = {05},
doi = {10.1093/mnras/stab1301}
}

@article{Taylor:2011bn,
title={Extragalactic magnetic fields constraints from simultaneous GeV--TeV observations of blazars},
author={Taylor, A. M. and Vovk, I. and Neronov, A.},
journal={Astronomy \& Astrophysics},
volume={529},
pages={A144},
year={2011},
publisher={EDP Sciences},
doi={10.1051/0004-6361/201116441}
}

@article{Neronov:2010gir,
title={Evidence for strong extragalactic magnetic fields from Fermi observations of TeV blazars},
author={Neronov, A. and Vovk, I.},
journal={Science},
volume={328},
number={5974},
pages={73--75},
year={2010},
publisher={AAAS},
doi={10.1126/science.1184192}
}

@article{AlvesBatista:2021sln,
author = {Batista, R. A. and Saveliev, A.},
title = {The Gamma-ray Window to Intergalactic Magnetism},
journal = {Universe},
volume = {7},
year = {2021},
number = {7},
article-number = {223},
issn = {2218-1997},
doi={10.3390/universe7070223}
}

@article{Durrer:2013pga,
title={Cosmological magnetic fields: their generation, evolution and observation},
author={Durrer, R. and Neronov, A.},
journal={The Astronomy and Astrophysics Review},
volume={21},
pages={1--109},
year={2013},
publisher={Springer},
doi={10.1007/s00159-013-0062-7}
}

@article{Jedamzik:2018itu,
title={Stringent limit on primordial magnetic fields from the cosmic microwave background radiation},
author={Jedamzik, K. and Saveliev, A.},
journal={Physical review letters},
volume={123},
number={2},
pages={021301},
year={2019},
publisher={APS},
doi={10.1103/PhysRevLett.123.021301}
}

@article{Jedamzik:2020krr,
title={Relieving the Hubble tension with primordial magnetic fields},
author={Jedamzik, K. and Pogosian, L.},
journal={Physical Review Letters},
volume={125},
number={18},
pages={181302},
year={2020},
publisher={APS},
doi={10.1103/PhysRevLett.125.181302}
}

@article{Jedamzik:2013gua,
author = "Jedamzik, K. and Abel, T.",
title = "{Small-scale primordial magnetic fields and anisotropies in the cosmic microwave background radiation}",
doi = "10.1088/1475-7516/2013/10/050",
journal = "JCAP",
volume = "10",
pages = "050",
year = "2013"
}

@article{Gopal:2004ut,
author = "Gopal, R. and Sethi, S.",
title = "{Generation of magnetic field in the pre-recombination era}",
eprint = "astro-ph/0411170",
archivePrefix = "arXiv",
doi = "10.1111/j.1365-2966.2005.09442.x",
journal = "Mon. Not. Roy. Astron. Soc.",
volume = "363",
pages = "521--528",
year = "2005"
} 

@article{Elze:1980er,
author = "Elze, H. T. and Greiner, W. and Rafelski, J.",
title = "{The relativistic Fermi gas revisited}",
doi = "10.1088/0305-4616/6/9/003",
journal = "J. Phys. G",
volume = "6",
pages = "L149--L153",
year = "1980"
}

@article{Canetti:2012zc,
author = "Canetti, L. and Drewes, M. and Shaposhnikov, M.",
title = "{Matter and Antimatter in the Universe}",
eprint = "1204.4186",
archivePrefix = "arXiv",
primaryClass = "hep-ph",
reportNumber = "TTK-12-04",
doi = "10.1088/1367-2630/14/9/095012",
journal = "New J. Phys.",
volume = "14",
pages = "095012",
year = "2012"
}

@article{Steinmetz:2023nsc,
author = "Steinmetz, Andrew and Yang, Cheng Tao and Rafelski, Johann",
title = "{Matter-antimatter origin of cosmic magnetism}",
eprint = "2308.14818",
archivePrefix = "arXiv",
primaryClass = "hep-ph",
doi = "10.1103/PhysRevD.108.123522",
journal = "Phys. Rev. D",
volume = "108",
number = "12",
pages = "123522",
year = "2023"
}

@article{Rafelski:2023emw,
author = "Rafelski, J. and Birrell, J. and Steinmetz, A. and Yang, C. T.",
title = "{A Short Survey of Matter-Antimatter Evolution in the Primordial Universe}",
archivePrefix = "arXiv",
eprint = "2305.09055",
primaryClass = "hep-th",
doi = "10.3390/universe9070309",
journal = "Universe",
volume = "9",
number = "7",
pages = "309",
year = "2023"
}

@article{Tiesinga:2021myr,
author = "Tiesinga, E. and Mohr, P. J. and Newell, D. B. and Taylor, B. N.",
title = "{CODATA recommended values of the fundamental physical constants: 2018}",
doi = "10.1103/RevModPhys.93.025010",
journal = "Rev. Mod. Phys.",
volume = "93",
number = "2",
pages = "025010",
year = "2021"
}

@article{Planck:2018vyg,
author = "Aghanim, N. and others",
collaboration = "Planck",
title = "{Planck 2018 results. VI. Cosmological parameters}",
archivePrefix = "arXiv",
eprint = "1807.06209",
primaryClass = "astro-ph.CO",
doi = "10.1051/0004-6361/201833910",
journal = "Astron. Astrophys.",
volume = "641",
pages = "A6",
year = "2020",
note = "[Erratum: Astron.Astrophys. 652, C4 (2021)]"
}

@article{Rafelski:2022bsv,
author = "Rafelski, Johann and Evans, Stefan and Labun, Lance",
title = "{Study of QED singular properties for variable gyromagnetic ratio $g\simeq 2$}",
eprint = "2212.13165",
archivePrefix = "arXiv",
primaryClass = "hep-th",
doi = "10.1103/PhysRevD.107.076002",
journal = "Phys. Rev. D",
volume = "107",
year = "2023"
}

@article{ParticleDataGroup:2022pth,
author = "Workman, R. L. and others",
collaboration = "Particle Data Group",
title = "{Review of Particle Physics}",
doi = "10.1093/ptep/ptac097",
journal = "PTEP",
volume = "2022",
pages = "083C01",
year = "2022"
}
@article{Steinmetz:2018ryf,
author = "Steinmetz, A. and Formanek, M. and Rafelski, J.",
title = "{Magnetic Dipole Moment in Relativistic Quantum Mechanics}",
eprint = "1811.06233",
archivePrefix = "arXiv",
primaryClass = "hep-ph",
doi = "10.1140/epja/i2019-12715-5",
journal = "Eur. Phys. J. A",
volume = "55",
number = "3",
pages = "40",
year = "2019"
}

@article{Davis:2003ad,
author = "Davis, T. M. and Lineweaver, C. H.",
title = "{Expanding confusion: common misconceptions of cosmological horizons and the superluminal expansion of the universe}",
eprint = "astro-ph/0310808",
archivePrefix = "arXiv",
doi = "10.1071/AS03040",
journal = "Publ. Astron. Soc. Austral.",
volume = "21",
pages = "97",
year = "2004"
}

@article{Vachaspati:2020blt,
author = "Vachaspati, T.",
title = "{Progress on cosmological magnetic fields}",
eprint = "2010.10525",
archivePrefix = "arXiv",
primaryClass = "astro-ph.CO",
doi = "10.1088/1361-6633/ac03a9",
journal = "Rept. Prog. Phys.",
volume = "84",
number = "7",
pages = "074901",
year = "2021"
}

@article{Bali:2011qj,
author = "Bali, G. S. and Bruckmann, F. and Endrodi, G. and Fodor, Z. and Katz, S. D. and Krieg, S. and Schafer, A. and Szabo, K. K.",
title = "{The QCD phase diagram for external magnetic fields}",
eprint = "1111.4956",
archivePrefix = "arXiv",
primaryClass = "hep-lat",
doi = "10.1007/JHEP02(2012)044",
journal = "JHEP",
volume = "02",
pages = "044",
year = "2012"
}

@article{Fromerth:2012fe,
author = "Fromerth, M. J. and Kuznetsova, I. and Labun, L. and Letessier, J. and Rafelski, J.",
editor = "Praszalowicz, M.",
title = "{From Quark-Gluon Universe to Neutrino Decoupling: 200 \ensuremath{<} T \ensuremath{<} 2MeV}",
eprint = "1211.4297",
archivePrefix = "arXiv",
primaryClass = "nucl-th",
doi = "10.5506/APhysPolB.43.2261",
journal = "Acta Phys. Polon. B",
volume = "43",
number = "12",
pages = "2261--2284",
year = "2012"
}

@article{Perrone:2021srr,
author = "Perrone, L. M. and Gregori, G. and Reville, B. and Silva, L. O. and Bingham, R.",
title = "{Neutrino-electron magnetohydrodynamics in an expanding universe}",
eprint = "2106.14892",
archivePrefix = "arXiv",
primaryClass = "astro-ph.CO",
doi = "10.1103/PhysRevD.104.123013",
journal = "Phys. Rev. D",
volume = "104",
number = "12",
pages = "123013",
year = "2021"
}

@book{Letessier:2002ony,
place={Cambridge},
series={Cambridge Monographs on Particle Physics, Nuclear Physics and Cosmology},
title={Hadrons and Quark–Gluon Plasma},
doi={10.1017/9781009290753},
publisher={Cambridge University Press},
author={Letessier, J. and Rafelski, J.},
year={2023},
collection={Cambridge Monographs on Particle Physics, Nuclear Physics and Cosmology},
note={\emph{Open access.} [orig. pub. 2002]}
}

@article{Giovannini:2003yn,
author = "Giovannini, M.",
title = "{The Magnetized universe}",
eprint = "astro-ph/0312614",
archivePrefix = "arXiv",
reportNumber = "CERN-TH-2003-307",
doi = "10.1142/S0218271804004530",
journal = "Int. J. Mod. Phys. D",
volume = "13",
pages = "391--502",
year = "2004"
}

@article{Abdalla:2022yfr,
title={Cosmology intertwined: A review of the particle physics, astrophysics, and cosmology associated with the cosmological tensions and anomalies},
author={Abdalla, E. and Abell{\'a}n, G. F. and Aboubrahim, A. and Agnello, A. and Akarsu, {\"O}. and Akrami, Y. and Alestas, G. and Aloni, D. and Amendola, L. and Anchordoqui, L. A. and others},
doi={10.1016/j.jheap.2022.04.002},
journal={Journal of High Energy Astrophysics},
volume={34},
pages={49--211},
year={2022},
publisher={Elsevier}
}

@article{Yan:2022sxd,
author = "Yan, H. and Ma, Z. and Ling, C. and Cheng, C. and Huang, J.",
title = "{First Batch of z \ensuremath{\approx} 11\textendash{}20 Candidate Objects Revealed by the James Webb Space Telescope Early Release Observations on SMACS 0723-73}",
eprint = "2207.11558",
archivePrefix = "arXiv",
primaryClass = "astro-ph.GA",
doi = "10.3847/2041-8213/aca80c",
journal = "Astrophys. J. Lett.",
volume = "942",
number = "1",
pages = "L9",
year = "2023"
}

@article{arrabal2023spectroscopic,
title={Confirmation and refutation of very luminous galaxies in the early universe},
author={Haro, P. A. and Dickinson, M. and Finkelstein, S. L. and others},
journal={Nature},
preprint="2303.15431",
doi="10.1038/s41586-023-06521-7",
year={2023}
}

@article{adams2023discovery,
title={Discovery and properties of ultra-high redshift galaxies (9< z< 12) in the JWST ERO SMACS 0723 Field},
author={Adams, N. J. and Conselice, C. J. and Ferreira, L. and others},
journal={Monthly Notices of the Royal Astronomical Society},
doi="10.1093/mnras/stac3347",
volume={518},
number={3},
pages={4755--4766},
year={2023},
}

@article{CEERSTeam:2023qgy,
title={A CEERS Discovery of an Accreting Supermassive Black Hole 570 Myr after the Big Bang: Identifying a Progenitor of Massive $z>6$ Quasars},
author={Larson, R. L. and Finkelstein, S. L. and Kocevski, D. D. and Hutchison, T. A. and Trump, J. R. and Haro, P. A. and Bromm, V. and Cleri, N. J. and Dickinson, M. and Fujimoto, S. and others},
journal={arXiv preprint},
doi="10.48550/arXiv.2303.08918",
preprint="2303.08918",
note="[submitted to ApJ]",
year={2023}
}

@article{Grayson:2023flr,
author = "Grayson, C. and Yang, C. T. and Formanek, M. and Rafelski, J.",
title = "{Electron\textendash{}positron plasma in BBN: Damped-dynamic screening}",
eprint = "2307.11264",
archivePrefix = "arXiv",
primaryClass = "astro-ph.CO",
doi = "10.1016/j.aop.2023.169453",
journal = "Annals Phys.",
volume = "458",
pages = "169453",
year = "2023"
}

@article{Formanek:2021blc,
author = {Formanek, Martin and Grayson, Christopher and Rafelski, Johann and M\"uller, Berndt},
title = "{Current-conserving relativistic linear response for collisional plasmas}",
eprint = "2105.07897",
archivePrefix = "arXiv",
primaryClass = "physics.plasm-ph",
doi = "10.1016/j.aop.2021.168605",
journal = "Annals Phys.",
volume = "434",
pages = "168605",
year = "2021"
}

@book{melrose2008quantum,
title={Quantum plasmadynamics: Magnetized plasmas},
author={Melrose, D.},
year={2013},
publisher={Springer},
doi={10.1007/978-1-4614-4045-1}
} 

@incollection{abramowitz1988handbook,
booktitle={Handbook of mathematical functions with formulas, graphs, and mathematical tables},
editor={Abramowitz, M. and Stegun, I. A.},
year={1972},
publisher={National Bureau of Standards},
address={Washington D.C.},
author ="{Haynsworth, E.V and Goldberg, K.}",
chapter ={23.1},
title = "Bernoulli and Euler Polynomials; Riemann Zeta Function"
}

@book{greiner2012thermodynamics,
title={Thermodynamics and statistical mechanics},
author={Greiner, W. and Neise, L. and St{\"o}cker, H.},
year={2012},
publisher={Springer Science \& Business Media},
doi={10.1007/978-1-4612-0827-3},
note={[orig. pub. 1995]}
}

@book{greiner2008quantum,
title={Quantum electrodynamics},
author={Greiner, Walter and Reinhardt, Joachim},
year={2008},
doi="10.1007/978-3-540-87561-1",
publisher={Springer Science \& Business Media}
}
%%%%RAFELSKIREFS INTRO AND EXTRA CHAPTER %%%
@article{Goldhaber:1978qp,
author = "Goldhaber, Alfred S.",
title = "{Large Baryon Densities Attainable in High-energy Nuclear Collisions}",
reportNumber = "Print-78-0771 (SUSSEX)",
doi = "10.1038/275114a0",
journal = "Nature",
volume = "275",
pages = "114--115",
year = "1978"
}
@book{Rafelski:2016hnq,
editor = "Rafelski, Johann",
title = "{Melting Hadrons, Boiling Quarks - From Hagedorn Temperature to Ultra-Relativistic Heavy-Ion Collisions at CERN}: {With a Tribute to Rolf Hagedorn}",
doi = "10.1007/978-3-319-17545-4",
isbn = "978-3-319-17544-7, 978-3-319-17545-4",
publisher = "Springer",
year = "2016"
}
@article{Huang:1970iq,
author = "Huang, K. and Weinberg, S.",
title = "{Ultimate temperature and the early universe}",
doi = "10.1103/PhysRevLett.25.895",
journal = "Phys. Rev. Lett.",
volume = "25",
pages = "895--897",
year = "1970"
}
@article{Chin:1978gj,
author = "Chin, S. A.",
title = "{Transition to Hot Quark Matter in Relativistic Heavy Ion Collision}",
doi = "10.1016/0370-2693(78)90637-8",
journal = "Phys. Lett. B",
volume = "78",
pages = "552--555",
year = "1978"
}
@article{Rafelski:2015cxa,
author = "Rafelski, Johann",
title = "{Melting Hadrons, Boiling Quarks}",
eprint = "1508.03260",
archivePrefix = "arXiv",
primaryClass = "nucl-th",
reportNumber = "CERN-PH-TH-2015-194",
doi = "10.1140/epja/i2015-15114-0",
journal = "Eur. Phys. J. A",
volume = "51",
number = "9",
pages = "114",
year = "2015"
}
@article{Harris:2024aov,
author = {Harris, John W. and M\"uller, Berndt},
title = "{\textquotedblleft{}QGP Signatures\textquotedblright{} revisited}",
doi = "10.1140/epjc/s10052-024-12533-y",
journal = "Eur. Phys. J. C",
volume = "84",
number = "3",
pages = "247",
year = "2024"
}
@article{Weinberg:1974hy,
author = "Weinberg, S.",
title = "{Gauge and Global Symmetries at High Temperature}",
reportNumber = "PRINT-74-0689 (HARVARD)",
doi = "10.1103/PhysRevD.9.3357",
journal = "Phys. Rev. D",
volume = "9",
pages = "3357--3378",
year = "1974"
}
@article{Harrington:1974fc,
author = "Harrington, Barry J. and Yildiz, Asim",
title = "{High Density Phase Transitions in Gauge Theories}",
reportNumber = "Print-74-1221 (HARVARD)",
doi = "10.1103/PhysRevLett.33.324",
journal = "Phys. Rev. Lett.",
volume = "33",
pages = "324",
year = "1974"
}
@article{DiValentino:2021izs,
author = "Di Valentino, Eleonora and Mena, Olga and Pan, Supriya and Visinelli, Luca and Yang, Weiqiang and Melchiorri, Alessandro and Mota, David F. and Riess, Adam G. and Silk, Joseph",
title = "{In the realm of the Hubble tension\textemdash{}a review of solutions}",
eprint = "2103.01183",
archivePrefix = "arXiv",
primaryClass = "astro-ph.CO",
reportNumber = "IPPP/20/108",
doi = "10.1088/1361-6382/ac086d",
journal = "Class. Quant. Grav.",
volume = "38",
number = "15",
pages = "153001",
year = "2021"
}
@book{DiValentino:2024spr,
editor="{Eleonora Di Valentino and Dillon Brout}",
title="The Hubble Constant Tension",
year="2024",
publisher="Springer-Nature",
series="Springer Series in Astrophysics and Cosmology",
address = "Singapore",
isbn="978-981-99-0176-0",
doi="10.1007/978-981-99-0177-7"
}

@article{Rafelski:2016cho,
    author = "Rafelski, Johann and Birrell, Jeremiah",
    editor = "Bravina, Larisa and Foka, Yiota and Kabana, Sonja",
    title = "{The hot Hagedorn Universe}",
    eprint = "1604.08689",
    archivePrefix = "arXiv",
    primaryClass = "hep-ph",
    doi = "10.1051/epjconf/201612603005",
    journal = "EPJ Web Conf.",
    volume = "126",
    pages = "03005",
    year = "2016"
}


@article{Rafelski:2013qeu,
    author = "Rafelski, Johann",
    editor = "Battiston, Roberto and Bertolucci, Sergio",
    title = "{Connecting QGP-Heavy Ion Physics to the Early Universe}",
    eprint = "1306.2471",
    archivePrefix = "arXiv",
    primaryClass = "astro-ph.CO",
    doi = "10.1016/j.nuclphysbps.2013.09.017",
    journal = "Nucl. Phys. B Proc. Suppl.",
    volume = "243-244",
    pages = "155--162",
    year = "2013"
}


@article{Grayson:2024uwg,
    author = "Grayson, Christopher and Yang, Cheng Tao and Formanek, Martin and Rafelski, Johann",
    title = "{Self-consistent strong screening applied to thermonuclear reactions}",
    eprint = "2406.13055",
    archivePrefix = "arXiv",
    primaryClass = "nucl-th",
    month = "6",
    year = "2024",
    journal="ApJ, under review"
}

@book{Perkins:1982xb,
    author = "Perkins, D. H.",
    title = "{Introduction to high energy physics}",
    isbn = "0-521-62196-8",
    year = "1982, 2000",
    publisher="Cambridge University Press",
    address="Cambridge, UK"
}

@article{Rafelski:2000by,
    author = "Rafelski, Johann and Letessier, Jean",
    title = "{Sudden hadronization in relativistic nuclear collisions}",
    eprint = "hep-ph/0006200",
    archivePrefix = "arXiv",
    doi = "10.1103/PhysRevLett.85.4695",
    journal = "Phys. Rev. Lett.",
    volume = "85",
    pages = "4695--4698",
    year = "2000"
}

