@mastersthesis{Yang:2024ret,
    author = "Yang, Cheng Tao",
    title = "{Elementary Particles and Plasma in the First Hour of the Early Universe}",
    eprint = "2401.09653",
    archivePrefix = "arXiv",
    primaryClass = "hep-ph",
    type = "Other thesis",
    month = "1",
    year = "2024"
}

@article{Pattie:2017vsj,
    author = "Pattie, Jr., R. W. and others",
    title = "{Measurement of the neutron lifetime using a magneto-gravitational trap and in situ detection}",
    eprint = "1707.01817",
    archivePrefix = "arXiv",
    primaryClass = "nucl-ex",
    doi = "10.1126/science.aan8895",
    journal = "Science",
    volume = "360",
    number = "6389",
    pages = "627--632",
    year = "2018"
}

@article{Wilkinson:1982hu,
    author = "Wilkinson, Denys H.",
    title = "{Analysis of neutron beta decay}",
    doi = "10.1016/0375-9474(82)90051-3",
    journal = "Nucl. Phys. A",
    volume = "377",
    pages = "474--504",
    year = "1982"
}

@article{Czarnecki:2004cw,
    author = "Czarnecki, Andrzej and Marciano, William J. and Sirlin, Alberto",
    title = "{Precision measurements and CKM unitarity}",
    eprint = "hep-ph/0406324",
    archivePrefix = "arXiv",
    reportNumber = "ALBERTA-THY-12-04, BNL-HET-04-7, NYU-TH-04-06-25",
    doi = "10.1103/PhysRevD.70.093006",
    journal = "Phys. Rev. D",
    volume = "70",
    pages = "093006",
    year = "2004"
}

@article{Marciano:2014ria,
    author = "Marciano, William J.",
    editor = "Theroine, Camille and Pignol, Guillaume and Soldner, Torsten",
    title = "{Fundamental Neutron Physics}",
    doi = "10.1016/j.phpro.2013.12.006",
    journal = "Phys. Procedia",
    volume = "51",
    pages = "19--24",
    year = "2014"
}

@article{Marciano:2005ec,
    author = "Marciano, William J. and Sirlin, Alberto",
    title = "{Improved calculation of electroweak radiative corrections and the value of V(ud)}",
    eprint = "hep-ph/0510099",
    archivePrefix = "arXiv",
    doi = "10.1103/PhysRevLett.96.032002",
    journal = "Phys. Rev. Lett.",
    volume = "96",
    pages = "032002",
    year = "2006"
}

@article{Czarnecki:2018okw,
    author = "Czarnecki, Andrzej and Marciano, William J. and Sirlin, Alberto",
    title = "{Neutron Lifetime and Axial Coupling Connection}",
    eprint = "1802.01804",
    archivePrefix = "arXiv",
    primaryClass = "hep-ph",
    reportNumber = "ALBERTA-THY-1-18",
    doi = "10.1103/PhysRevLett.120.202002",
    journal = "Phys. Rev. Lett.",
    volume = "120",
    number = "20",
    pages = "202002",
    year = "2018"
}

@ARTICLE{PhysRevD.38.32,
  title = {Apparent observation of abnormally large coherent scattering cross sections using keV and MeV range antineutrinos, and solar neutrinos},
  author = {Weber, J.},
  journal = {Phys. Rev. D},
  volume = {38},
  issue = {1},
  pages = {32--39},
  numpages = {0},
  year = {1988},
  month = {Jul},
  publisher = {American Physical Society},
  doi = {10.1103/PhysRevD.38.32},
  url = {https://link.aps.org/doi/10.1103/PhysRevD.38.32}
}



@article{Papavassiliou:2005cs,
    author = "Papavassiliou, Joannis and Bernabeu, Jose and Passera, Massimo",
    editor = "Barreira, Gaspar",
    title = "{Neutrino-nuclear coherent scattering and the effective neutrino charge radius}",
    eprint = "hep-ph/0512029",
    archivePrefix = "arXiv",
    reportNumber = "FTUV-05-1202",
    doi = "10.22323/1.021.0192",
    journal = "PoS",
    volume = "HEP2005",
    pages = "192",
    year = "2006"
}

@book{Giunti:2007ry,
    author = "Giunti, Carlo and Kim, Chung W.",
    title = "{Fundamentals of Neutrino Physics and Astrophysics}",
  publisher = {Oxford University Press},
    isbn = "978-0-19-850871-7",
    year = "2007"
}

@article{Freedman:1977xn,
    author = "Freedman, Daniel Z. and Schramm, David N. and Tubbs, David L.",
    title = "{The Weak Neutral Current and Its Effects in Stellar Collapse}",
    reportNumber = "EFI-77-19-CHICAGO",
    doi = "10.1146/annurev.ns.27.120177.001123",
    journal = "Ann. Rev. Nucl. Part. Sci.",
    volume = "27",
    pages = "167--207",
    year = "1977"
}

@article{Nicolescu:2013rxa,
author = {Nicolescu, G},
year = {2013},
month = {03},
pages = {055201},
title = {A heuristic approach to the detection of solar neutrinos},
volume = {40},
journal = {Journal of Physics G: Nuclear and Particle Physics},
doi = {10.1088/0954-3899/40/5/055201}
}

@article{Smith:1984gym,
    author = "Smith, P. F.",
    title = "{COHERENT NEUTRINO SCATTERING - RELATIVISTIC AND NONRELATIVISTIC}",
    doi = "10.1007/BF02902601",
    journal = "Nuovo Cim. A",
    volume = "83",
    pages = "263--274",
    year = "1984"
}

@article{Sehgal:1986gn,
    author = "Sehgal, L. M. and Wanninger, M.",
    title = "{Atomic Effects in Coherent Neutrino Scattering}",
    reportNumber = "PITHA 86/1",
    doi = "10.1016/0370-2693(86)91008-7",
    journal = "Phys. Lett. B",
    volume = "171",
    pages = "107--112",
    year = "1986"
}


@book{Griffiths:2008zz,
    author = "Griffiths, David",
    title = "{Introduction to elementary particles}",
    isbn = "978-3-527-40601-2",
    year = "2008"
}


@article{Wolfenstein:1977ue,
    author = "Wolfenstein, L.",
    title = "{Neutrino Oscillations in Matter}",
    reportNumber = "COO-3066-102",
    doi = "10.1103/PhysRevD.17.2369",
    journal = "Phys. Rev. D",
    volume = "17",
    pages = "2369--2374",
    year = "1978"
}


@article{Birrell:2012gg,
    author = "Birrell, Jeremiah and Yang, Cheng-Tao and Chen, Pisin and Rafelski, Johann",
    title = "{Relic neutrinos: Physically consistent treatment of effective number of neutrinos and neutrino mass}",
    eprint = "1212.6943",
    archivePrefix = "arXiv",
    primaryClass = "astro-ph.CO",
    doi = "10.1103/PhysRevD.89.023008",
    journal = "Phys. Rev. D",
    volume = "89",
    pages = "023008",
    year = "2014"
}

@book{Kolb:1990vq,
    author = "Kolb, Edward W.",
    title = "{The Early Universe}",
    reportNumber = "FERMILAB-BOOK-1990-01",
    doi = "10.1201/9780429492860",
    isbn = "978-0-429-49286-0, 978-0-201-62674-2",
    publisher = "Taylor and Francis",
    volume = "69",
    month = "5",
    year = "2019"
}

@article{Mangano:2005cc,
    author = "Mangano, Gianpiero and Miele, Gennaro and Pastor, Sergio and Pinto, Teguayco and Pisanti, Ofelia and Serpico, Pasquale D.",
    title = "{Relic neutrino decoupling including flavor oscillations}",
    eprint = "hep-ph/0506164",
    archivePrefix = "arXiv",
    reportNumber = "DSF-16-2005, IFIC-05-17, MPP-2005-36",
    doi = "10.1016/j.nuclphysb.2005.09.041",
    journal = "Nucl. Phys. B",
    volume = "729",
    pages = "221--234",
    year = "2005"
}

@article{Birrell:2014gea,
    author = "Birrell, Jeremiah and Wilkening, Jon and Rafelski, Johann",
    title = "{Boltzmann Equation Solver Adapted to Emergent Chemical Non-equilibrium}",
    eprint = "1403.2019",
    archivePrefix = "arXiv",
    primaryClass = "math.NA",
    doi = "10.1016/j.jcp.2014.10.056",
    journal = "J. Comput. Phys.",
    volume = "281",
    pages = "896--916",
    year = "2015"
}

@article{Dreiner:2011fp,
    author = "Dreiner, Herbi K. and Hanussek, Marja and Kim, Jong Soo and Sarkar, Subir",
    title = "{Gravitino cosmology with a very light neutralino}",
    eprint = "1111.5715",
    archivePrefix = "arXiv",
    primaryClass = "hep-ph",
    reportNumber = "DO-TH-10-23, ADP-11-36-T758",
    doi = "10.1103/PhysRevD.85.065027",
    journal = "Phys. Rev. D",
    volume = "85",
    pages = "065027",
    year = "2012"
}

@article{Boehm:2012gr,
    author = "Boehm, Celine and Dolan, Matthew J. and McCabe, Christopher",
    title = "{Increasing Neff with particles in thermal equilibrium with neutrinos}",
    eprint = "1207.0497",
    archivePrefix = "arXiv",
    primaryClass = "astro-ph.CO",
    reportNumber = "IPPP-12-44, DCPT-12-88",
    doi = "10.1088/1475-7516/2012/12/027",
    journal = "JCAP",
    volume = "12",
    pages = "027",
    year = "2012"
}

@article{Blennow:2012de,
    author = "Blennow, Mattias and Fernandez-Martinez, Enrique and Mena, Olga and Redondo, Javier and Serra, Paolo",
    title = "{Asymmetric Dark Matter and Dark Radiation}",
    eprint = "1203.5803",
    archivePrefix = "arXiv",
    primaryClass = "hep-ph",
    reportNumber = "CERN-PH-TH-2012-070, MPP-2012-56",
    doi = "10.1088/1475-7516/2012/07/022",
    journal = "JCAP",
    volume = "07",
    pages = "022",
    year = "2012"
}

@article{Planck:2013pxb,
    author = "Ade, P. A. R. and others",
    collaboration = "Planck",
    title = "{Planck 2013 results. XVI. Cosmological parameters}",
    eprint = "1303.5076",
    archivePrefix = "arXiv",
    primaryClass = "astro-ph.CO",
    reportNumber = "CERN-PH-TH-2013-129",
    doi = "10.1051/0004-6361/201321591",
    journal = "Astron. Astrophys.",
    volume = "571",
    pages = "A16",
    year = "2014"
}

@article{Planck:2015fie,
    author = "Ade, P. A. R. and others",
    collaboration = "Planck",
    title = "{Planck 2015 results. XIII. Cosmological parameters}",
    eprint = "1502.01589",
    archivePrefix = "arXiv",
    primaryClass = "astro-ph.CO",
    doi = "10.1051/0004-6361/201525830",
    journal = "Astron. Astrophys.",
    volume = "594",
    pages = "A13",
    year = "2016"
}

@article{riess2018new,
  title={New parallaxes of galactic cepheids from spatially scanning the hubble space telescope: Implications for the hubble constant},
  author={Riess, Adam G and Casertano, Stefano and Yuan, Wenlong and Macri, Lucas and Anderson, Jay and MacKenty, John W and Bowers, J Bradley and Clubb, Kelsey I and Filippenko, Alexei V and Jones, David O and others},
  journal={The Astrophysical Journal},
  volume={855},
  number={2},
  pages={136},
  year={2018},
  publisher={IOP Publishing}
}

@article{Riess:2018byc,
    author = "Riess, Adam G. and others",
    title = "{Milky Way Cepheid Standards for Measuring Cosmic Distances and Application to Gaia DR2: Implications for the Hubble Constant}",
    eprint = "1804.10655",
    archivePrefix = "arXiv",
    primaryClass = "astro-ph.CO",
    doi = "10.3847/1538-4357/aac82e",
    journal = "Astrophys. J.",
    volume = "861",
    number = "2",
    pages = "126",
    year = "2018"
}

@article{Yang:2018oqg,
    author = "Yang, Cheng Tao and Birrell, Jeremiah and Rafelski, Johann",
    title = "{Lepton Number and Expansion of the Universe}",
    eprint = "1812.05157",
    archivePrefix = "arXiv",
    primaryClass = "hep-ph",
    month = "12",
    year = "2018"
}

@article{ParticleDataGroup:2016lqr,
    author = "Patrignani, C. and others",
    collaboration = "Particle Data Group",
    title = "{Review of Particle Physics}",
    doi = "10.1088/1674-1137/40/10/100001",
    journal = "Chin. Phys. C",
    volume = "40",
    number = "10",
    pages = "100001",
    year = "2016"
}

@article{King:2013eh,
    author = "King, Stephen F. and Luhn, Christoph",
    title = "{Neutrino Mass and Mixing with Discrete Symmetry}",
    eprint = "1301.1340",
    archivePrefix = "arXiv",
    primaryClass = "hep-ph",
    reportNumber = "IPPP-12-100, DCPT-12-200",
    doi = "10.1088/0034-4885/76/5/056201",
    journal = "Rept. Prog. Phys.",
    volume = "76",
    pages = "056201",
    year = "2013"
}

@article{FernandezMartinez:2016lgt,
    author = "Fernandez-Martinez, Enrique and Hernandez-Garcia, Josu and Lopez-Pavon, Jacobo",
    title = "{Global constraints on heavy neutrino mixing}",
    eprint = "1605.08774",
    archivePrefix = "arXiv",
    primaryClass = "hep-ph",
    doi = "10.1007/JHEP08(2016)033",
    journal = "JHEP",
    volume = "08",
    pages = "033",
    year = "2016"
}

@article{PhysRevC.82.035203,
  title = {Unstable hadrons in hot hadron gas: In the laboratory and in the early Universe},
  author = {Kuznetsova, Inga and Rafelski, Johann},
  journal = {Phys. Rev. C},
  volume = {82},
  issue = {3},
  pages = {035203},
  numpages = {11},
  year = {2010},
  month = {Sep},
  publisher = {American Physical Society},
  doi = {10.1103/PhysRevC.82.035203},
  url = {https://link.aps.org/doi/10.1103/PhysRevC.82.035203}
}

@article{Kuznetsova:2008jt,
    author = "Kuznetsova, Inga and Habs, Dietrich and Rafelski, Johann",
    title = "{Pion and muon production in e-, e+, gamma plasma}",
    eprint = "0803.1588",
    archivePrefix = "arXiv",
    primaryClass = "hep-ph",
    doi = "10.1103/PhysRevD.78.014027",
    journal = "Phys. Rev. D",
    volume = "78",
    pages = "014027",
    year = "2008"
}

@article{Dicus:1982bz,
    author = "Dicus, Duane A. and Kolb, Edward W. and Gleeson, A. M. and Sudarshan, E. C. G. and Teplitz, Vigdor L. and Turner, Michael S.",
    title = "{Primordial Nucleosynthesis Including Radiative, Coulomb, and Finite Temperature Corrections to Weak Rates}",
    reportNumber = "LA-UR-82-1553, EFI-82-25-CHICAGO, DOE-ER-03992-494",
    doi = "10.1103/PhysRevD.26.2694",
    journal = "Phys. Rev. D",
    volume = "26",
    pages = "2694",
    year = "1982"
}

@article{Fornengo:1997wa,
    author = "Fornengo, N. and Kim, C. W. and Song, J.",
    title = "{Finite temperature effects on the neutrino decoupling in the early universe}",
    eprint = "hep-ph/9702324",
    archivePrefix = "arXiv",
    reportNumber = "JHU-TIPAC-97003, DFTT-15-97, KIAS-P-97002",
    doi = "10.1103/PhysRevD.56.5123",
    journal = "Phys. Rev. D",
    volume = "56",
    pages = "5123--5134",
    year = "1997"
}

@article{Mangano:2001iu,
    author = "Mangano, G. and Miele, G. and Pastor, S. and Peloso, M.",
    title = "{A Precision calculation of the effective number of cosmological neutrinos}",
    eprint = "astro-ph/0111408",
    archivePrefix = "arXiv",
    reportNumber = "DSF-37-2001, MPI-PHT-2001-51",
    doi = "10.1016/S0370-2693(02)01622-2",
    journal = "Phys. Lett. B",
    volume = "534",
    pages = "8--16",
    year = "2002"
}

@article{Mangano:2006ar,
    author = "Mangano, Gianpiero and Miele, Gennaro and Pastor, Sergio and Pinto, Teguayco and Pisanti, Ofelia and Serpico, Pasquale D.",
    title = "{Effects of non-standard neutrino-electron interactions on relic neutrino decoupling}",
    eprint = "hep-ph/0607267",
    archivePrefix = "arXiv",
    reportNumber = "DSF-23-2006, IFIC-06-24, MPP-2006-80",
    doi = "10.1016/j.nuclphysb.2006.09.002",
    journal = "Nucl. Phys. B",
    volume = "756",
    pages = "100--116",
    year = "2006"
}

@article{Morgan:1981zy,
    author = "Morgan, J. A.",
    title = "{Cosmological upper limit to neutrino magnetic moments}",
    doi = "10.1016/0370-2693(81)90868-6",
    journal = "Phys. Lett. B",
    volume = "102",
    pages = "247--250",
    year = "1981"
}
@article{Fukugita:1987uy,
    author = "Fukugita, M. and Yazaki, S.",
    title = "{Reexamination of Astrophysical and Cosmological Constraints on the Magnetic Moment of Neutrinos}",
    reportNumber = "RIFP-709",
    doi = "10.1103/PhysRevD.36.3817",
    journal = "Phys. Rev. D",
    volume = "36",
    pages = "3817",
    year = "1987"
}

@article{Elmfors:1997tt,
    author = "Elmfors, Per and Enqvist, Kari and Raffelt, Georg and Sigl, Gunter",
    title = "{Neutrinos with magnetic moment: Depolarization rate in plasma}",
    eprint = "hep-ph/9703214",
    archivePrefix = "arXiv",
    reportNumber = "USITP-96-17, MPI-PTH-97-11",
    doi = "10.1016/S0550-3213(97)00382-9",
    journal = "Nucl. Phys. B",
    volume = "503",
    pages = "3--23",
    year = "1997"
}

@article{Vogel:1989iv,
    author = "Vogel, P. and Engel, J.",
    title = "{Neutrino Electromagnetic Form-Factors}",
    reportNumber = "CALT-63-539",
    doi = "10.1103/PhysRevD.39.3378",
    journal = "Phys. Rev. D",
    volume = "39",
    pages = "3378",
    year = "1989"
}

@article{Giunti:2008ve,
    author = "Giunti, Carlo and Studenikin, Alexander",
    title = "{Neutrino electromagnetic properties}",
    eprint = "0812.3646",
    archivePrefix = "arXiv",
    primaryClass = "hep-ph",
    doi = "10.1134/S1063778809120126",
    journal = "Phys. Atom. Nucl.",
    volume = "72",
    pages = "2089--2125",
    year = "2009"
}

@article{ParticleDataGroup:2018ovx,
    author = "Tanabashi, M. and others",
    collaboration = "Particle Data Group",
    title = "{Review of Particle Physics}",
    doi = "10.1103/PhysRevD.98.030001",
    journal = "Phys. Rev. D",
    volume = "98",
    number = "3",
    pages = "030001",
    year = "2018"
}


@article{Rafelski:2020ajx,
    author = "Rafelski, Johann and Yang, Cheng Tao",
    title = "{Reactions Governing Strangeness Abundance in Primordial Universe}",
    eprint = "2009.05661",
    archivePrefix = "arXiv",
    primaryClass = "hep-ph",
    doi = "10.1051/epjconf/202225913001",
    journal = "EPJ Web Conf.",
    volume = "259",
    pages = "13001",
    year = "2022"
}

@article{Rafelski:2021aey,
    author = "Rafelski, Jan and Yang, Cheng Tao",
    title = "{The muon abundance in the primordial Universe}",
    eprint = "2103.07812",
    archivePrefix = "arXiv",
    primaryClass = "hep-ph",
    doi = "10.5506/APhysPolB.52.277",
    journal = "Acta Phys. Polon. B",
    volume = "52",
    pages = "277",
    year = "2021"
}

@article{Koch:1986ud,
    author = "Koch, P. and Muller, Berndt and Rafelski, Johann",
    title = "{Strangeness in Relativistic Heavy Ion Collisions}",
    reportNumber = "GSI-86-7, UCT-TP-41-86, UCT-TP-29-1985",
    doi = "10.1016/0370-1573(86)90096-7",
    journal = "Phys. Rept.",
    volume = "142",
    pages = "167--262",
    year = "1986"
}

@article{Cugnon:1984pm,
    author = "Cugnon, J. and Lombard, R. M.",
    title = "{K+ production in a cascade model for high-energy nucleus nucleus collisions}",
    doi = "10.1016/0375-9474(84)90369-5",
    journal = "Nucl. Phys. A",
    volume = "422",
    pages = "635--653",
    year = "1984"
}

@article{Kuznetsova:2011wt,
    author = "Kuznetsova, Inga and Rafelski, Johann",
    title = "{Electron-Positron Plasma Drop Formed by Ultra-Intense Laser Pulses}",
    eprint = "1109.3546",
    archivePrefix = "arXiv",
    primaryClass = "physics.plasm-ph",
    doi = "10.1103/PhysRevD.85.085014",
    journal = "Phys. Rev. D",
    volume = "85",
    pages = "085014",
    year = "2012"
}

@article{Kuznetsova:2009bq,
    author = "Kuznetsova, Inga and Habs, Dieter and Rafelski, Johann",
    title = "{Thermal reaction processes in a relativistic QED plasma drop}",
    eprint = "0911.0118",
    archivePrefix = "arXiv",
    primaryClass = "physics.plasm-ph",
    doi = "10.1103/PhysRevD.81.053007",
    journal = "Phys. Rev. D",
    volume = "81",
    pages = "053007",
    year = "2010"
}

@article{Kislinger:1975uy,
    author = "Kislinger, M. B. and Morley, P. D.",
    title = "{Collective Phenomena in Gauge Theories. 1. The Plasmon Effect for Yang-Mills Fields}",
    reportNumber = "EFI-75-8-REV, EFI-75-8",
    doi = "10.1103/PhysRevD.13.2765",
    journal = "Phys. Rev. D",
    volume = "13",
    pages = "2765",
    year = "1976"
}



@article{Schroedter:2000ek,
    author = "Schroedter, Martin and Thews, Robert L. and Rafelski, Johann",
    title = "{$B_c$ meson production in nuclear collisions at RHIC}",
    eprint = "hep-ph/0004041",
    archivePrefix = "arXiv",
    doi = "10.1103/PhysRevC.62.024905",
    journal = "Phys. Rev. C",
    volume = "62",
    pages = "024905",
    year = "2000"
}

@article{Kuzmin:1985mm,
    author = "Kuzmin, V. A. and Rubakov, V. A. and Shaposhnikov, M. E.",
    title = "{On the Anomalous Electroweak Baryon Number Nonconservation in the Early Universe}",
    reportNumber = "IC/85/8",
    doi = "10.1016/0370-2693(85)91028-7",
    journal = "Phys. Lett. B",
    volume = "155",
    pages = "36",
    year = "1985"
}


@article{Kuzmin:1987wn,
    author = "Kuzmin, V. A. and Rubakov, V. A. and Shaposhnikov, M. E.",
    title = "{Anomalous Electroweak Baryon Number Nonconservation and GUT Mechanism for Baryogenesis}",
    reportNumber = "NBI-HE-87-05",
    doi = "10.1016/0370-2693(87)91340-2",
    journal = "Phys. Lett. B",
    volume = "191",
    pages = "171--173",
    year = "1987"
}

@article{Arnold:1987mh,
    author = "Arnold, Peter Brockway and McLerran, Larry D.",
    title = "{Sphalerons, Small Fluctuations and Baryon Number Violation in Electroweak Theory}",
    reportNumber = "FERMILAB-PUB-87-034-T",
    doi = "10.1103/PhysRevD.36.581",
    journal = "Phys. Rev. D",
    volume = "36",
    pages = "581",
    year = "1987"
}

@article{Kolb:1996jt,
    author = "Kolb, Edward W. and Linde, Andrei D. and Riotto, Antonio",
    title = "{GUT baryogenesis after preheating}",
    eprint = "hep-ph/9606260",
    archivePrefix = "arXiv",
    reportNumber = "FERMILAB-PUB-96-133-A, SU-ITP-96-22",
    doi = "10.1103/PhysRevLett.77.4290",
    journal = "Phys. Rev. Lett.",
    volume = "77",
    pages = "4290--4293",
    year = "1996"
}


@article{Riotto:1999yt,
    author = "Riotto, Antonio and Trodden, Mark",
    title = "{Recent progress in baryogenesis}",
    eprint = "hep-ph/9901362",
    archivePrefix = "arXiv",
    reportNumber = "CERN-TH-99-04, CWRU-P6-99",
    doi = "10.1146/annurev.nucl.49.1.35",
    journal = "Ann. Rev. Nucl. Part. Sci.",
    volume = "49",
    pages = "35--75",
    year = "1999"
}

@article{Nielsen:2001fy,
    author = "Nielsen, Holger Bech and Takanishi, Y.",
    title = "{Baryogenesis via lepton number violation in anti-GUT model}",
    eprint = "hep-ph/0101307",
    archivePrefix = "arXiv",
    reportNumber = "NBI-HE-00-48",
    doi = "10.1016/S0370-2693(01)00357-4",
    journal = "Phys. Lett. B",
    volume = "507",
    pages = "241--251",
    year = "2001"
}

@article{Giudice:2003jh,
    author = "Giudice, G. F. and Notari, A. and Raidal, M. and Riotto, A. and Strumia, A.",
    title = "{Towards a complete theory of thermal leptogenesis in the SM and MSSM}",
    eprint = "hep-ph/0310123",
    archivePrefix = "arXiv",
    reportNumber = "IFUP-TH-2003-37, CERN-TH-2003-240",
    doi = "10.1016/j.nuclphysb.2004.02.019",
    journal = "Nucl. Phys. B",
    volume = "685",
    pages = "89--149",
    year = "2004"
}

@article{Davidson:2008bu,
    author = "Davidson, Sacha and Nardi, Enrico and Nir, Yosef",
    title = "{Leptogenesis}",
    eprint = "0802.2962",
    archivePrefix = "arXiv",
    primaryClass = "hep-ph",
    doi = "10.1016/j.physrep.2008.06.002",
    journal = "Phys. Rept.",
    volume = "466",
    pages = "105--177",
    year = "2008"
}

@article{Morrissey:2012db,
    author = "Morrissey, David E. and Ramsey-Musolf, Michael J.",
    title = "{Electroweak baryogenesis}",
    eprint = "1206.2942",
    archivePrefix = "arXiv",
    primaryClass = "hep-ph",
    reportNumber = "NPAC-12-08",
    doi = "10.1088/1367-2630/14/12/125003",
    journal = "New J. Phys.",
    volume = "14",
    pages = "125003",
    year = "2012"
}

@article{Sakharov:1967dj,
    author = "Sakharov, A. D.",
    title = "{Violation of CP Invariance, C asymmetry, and baryon asymmetry of the universe}",
    doi = "10.1070/PU1991v034n05ABEH002497",
    journal = "Pisma Zh. Eksp. Teor. Fiz.",
    volume = "5",
    pages = "32--35",
    year = "1967"
}

@article{Sakharov:1988vdp,
    author = "Sakharov, A. D.",
    editor = "Markov, Moisei Aleksandrovich and Berezin, Viktor A. and Mukhanov, Viatcheslav F. F.",
    title = "{Baryon asymmetry of the universe}",
    doi = "10.1070/PU1991v034n05ABEH002504",
    pages = "65--80",
    year = "1990"
}

@article{Rafelski:2019twp,
    author = "Rafelski, Johann",
    title = "{Discovery of Quark-Gluon-Plasma: Strangeness Diaries}",
    eprint = "1911.00831",
    archivePrefix = "arXiv",
    primaryClass = "hep-ph",
    reportNumber = "CERN-TH-2019-138",
    doi = "10.1140/epjst/e2019-900263-x",
    journal = "Eur. Phys. J. ST",
    volume = "229",
    number = "1",
    pages = "1--140",
    year = "2020"
}

@article{Fromerth:2002wb,
    author = "Fromerth, Michael J. and Rafelski, Johann",
    title = "{Hadronization of the quark Universe}",
    journal = {arXiv astro-ph/0211346},
    month = "11",
    year = "2002"
}
%    author = "Fromerth, Michael J. and Rafelski, Johann",
%    title = "{Hadronization of the quark Universe}",
%%    eprint = "astro-ph/0211346",
 %   archivePrefix = "arXiv",
%    journal = {arXiv astro-ph/0211346},
%    month = "11",
%    year = "2002"
%}

@article{Karsch:1987pv,
    author = "Karsch, F. and Mehr, M. T. and Satz, H.",
    title = "{Color Screening and Deconfinement for Bound States of Heavy Quarks}",
    reportNumber = "BNL-40122",
    doi = "10.1007/BF01549722",
    journal = "Z. Phys. C",
    volume = "37",
    pages = "617",
    year = "1988"
}

@article{Brambilla:2010vq,
    author = "Brambilla, Nora and Escobedo, Miguel Angel and Ghiglieri, Jacopo and Soto, Joan and Vairo, Antonio",
    title = "{Heavy Quarkonium in a weakly-coupled quark-gluon plasma below the melting temperature}",
    eprint = "1007.4156",
    archivePrefix = "arXiv",
    primaryClass = "hep-ph",
    reportNumber = "TUM-EFT-7-10, UB-ECM-PF-10-17, ICCUB-10-033",
    doi = "10.1007/JHEP09(2010)038",
    journal = "JHEP",
    volume = "09",
    pages = "038",
    year = "2010"
}

@article{Aarts:2011sm,
    author = "Aarts, G. and Allton, C. and Kim, S. and Lombardo, M. P. and Oktay, M. B. and Ryan, S. M. and Sinclair, D. K. and Skullerud, J. I.",
    title = "{What happens to the $\Upsilon$ and $\eta_b$ in the quark-gluon plasma? Bottomonium spectral functions from lattice QCD}",
    eprint = "1109.4496",
    archivePrefix = "arXiv",
    primaryClass = "hep-lat",
    doi = "10.1007/JHEP11(2011)103",
    journal = "JHEP",
    volume = "11",
    pages = "103",
    year = "2011"
}

@article{Brambilla:2017zei,
    author = "Brambilla, Nora and Escobedo, Miguel A. and Soto, Joan and Vairo, Antonio",
    title = "{Heavy quarkonium suppression in a fireball}",
    eprint = "1711.04515",
    archivePrefix = "arXiv",
    primaryClass = "hep-ph",
    reportNumber = "TUM-EFT-89-16",
    doi = "10.1103/PhysRevD.97.074009",
    journal = "Phys. Rev. D",
    volume = "97",
    number = "7",
    pages = "074009",
    year = "2018"
}

@article{Bazavov:2018wmo,
    author = "Bazavov, Alexei and Brambilla, Nora and Petreczky, Peter and Vairo, Antonio and Weber, Johannes Heinrich",
    collaboration = "TUMQCD",
    title = "{Color screening in (2+1)-flavor QCD}",
    eprint = "1804.10600",
    archivePrefix = "arXiv",
    primaryClass = "hep-lat",
    reportNumber = "TUM-EFT-81-16, TUM-EFT 81/16",
    doi = "10.1103/PhysRevD.98.054511",
    journal = "Phys. Rev. D",
    volume = "98",
    number = "5",
    pages = "054511",
    year = "2018"
}

@article{Offler:2019eij,
    author = {Offler, Sam and Aarts, Gert and Allton, Chris and Glesaaen, Jonas and J\"ager, Benjamin and Kim, Seyong and Lombardo, Maria Paola and Ryan, Sinead M. and Skullerud, Jon-Ivar},
    title = "{News from bottomonium spectral functions in thermal QCD}",
    eprint = "1912.12900",
    archivePrefix = "arXiv",
    primaryClass = "hep-lat",
    doi = "10.22323/1.363.0076",
    journal = "PoS",
    volume = "LATTICE2019",
    pages = "076",
    year = "2019"
}

@article{LHCb:2019jta,
    author = "Aaij, Roel and others",
    collaboration = "LHCb",
    title = "{Observation of Several Sources of $CP$ Violation in $B^+ \to \pi^+ \pi^+ \pi^-$ Decays}",
    eprint = "1909.05211",
    archivePrefix = "arXiv",
    primaryClass = "hep-ex",
    reportNumber = "LHCb-PAPER-2019-018, CERN-EP-2019-156",
    doi = "10.1103/PhysRevLett.124.031801",
    journal = "Phys. Rev. Lett.",
    volume = "124",
    number = "3",
    pages = "031801",
    year = "2020"
}

@article{LHCb:2020vut,
    author = "Aaij, Roel and others",
    collaboration = "LHCb",
    title = "{Measurement of CP observables in B$^{\pm}$ $\rightarrow$ DK$^{\pm}$ and B$^{\pm}$ $\rightarrow$ D\ensuremath{\pi}$^{\pm}$ with D $\rightarrow$ $ {K}_{\mathrm{S}}^0{K}^{\pm }{\pi}^{\mp } $ decays}",
    eprint = "2002.08858",
    archivePrefix = "arXiv",
    primaryClass = "hep-ex",
    reportNumber = "LHCB-PAPER-2019-044, LHCB-PAPER-2019-044-003, LHCb-PAPER-2019-044, CERN-EP-2020-015",
    doi = "10.1007/JHEP06(2020)058",
    journal = "JHEP",
    volume = "06",
    pages = "058",
    year = "2020"
}


@phdthesis{Tully:2019ltb,
    author = "Tully, Alison Maria",
    title = "{Doubly charmed $B$ decays with the LHCb experiment}",
    reportNumber = "CERN-THESIS-2019-081",
    doi = "10.17863/CAM.44796",
    school = "Cambridge U.",
    year = "2019"
}

@article{HFLAV:2019otj,
    author = "Amhis, Yasmine Sara and others",
    collaboration = "HFLAV",
    title = "{Averages of b-hadron, c-hadron, and $\tau $-lepton properties as of 2018}",
    eprint = "1909.12524",
    archivePrefix = "arXiv",
    primaryClass = "hep-ex",
    doi = "10.1140/epjc/s10052-020-8156-7",
    journal = "Eur. Phys. J. C",
    volume = "81",
    number = "3",
    pages = "226",
    year = "2021"
}

@article{Yang:2021bko,
    author = "Yang, Cheng Tao and Rafelski, Johann",
    title = "{Cosmological strangeness abundance}",
    eprint = "2108.01752",
    archivePrefix = "arXiv",
    primaryClass = "hep-ph",
    doi = "10.1016/j.physletb.2022.136944",
    journal = "Phys. Lett. B",
    volume = "827",
    pages = "136944",
    year = "2022"
}

@article{Rafelski:2013yka,
    author = "Rafelski, Johann and Birrell, Jeremiah",
    editor = "Evans, David and Hands, Simon and Lietava, Roman and Romita, Rosa and Villalobos Baillie, Orlando",
    title = "{Traveling Through the Universe: Back in Time to the Quark-Gluon Plasma Era}",
    eprint = "1311.0075",
    archivePrefix = "arXiv",
    primaryClass = "nucl-th",
    doi = "10.1088/1742-6596/509/1/012014",
    journal = "J. Phys. Conf. Ser.",
    volume = "509",
    pages = "012014",
    year = "2014"
}

@article{Rafelski:2001hp,
    author = "Rafelski, Johann and Letessier, Jean and Torrieri, Giorgio",
    title = "{Strange hadrons and their resonances: A Diagnostic tool of QGP freezeout dynamics}",
    eprint = "nucl-th/0104042",
    archivePrefix = "arXiv",
    doi = "10.1103/PhysRevC.64.054907",
    journal = "Phys. Rev. C",
    volume = "64",
    pages = "054907",
    year = "2001",
    note = "[Erratum: Phys.Rev.C 65, 069902 (2002)]"
}

@article{Coc:2006rt,
    author = "Coc, Alain and Olive, Keith A. and Uzan, Jean-Philippe and Vangioni, Elisabeth",
    title = "{Big bang nucleosynthesis constraints on scalar-tensor theories of gravity}",
    eprint = "astro-ph/0601299",
    archivePrefix = "arXiv",
    reportNumber = "UMN-TH-2424-05, FTPI-MINN-05-52",
    doi = "10.1103/PhysRevD.73.083525",
    journal = "Phys. Rev. D",
    volume = "73",
    pages = "083525",
    year = "2006"
}

@article{Pitrou:2018cgg,
    author = "Pitrou, Cyril and Coc, Alain and Uzan, Jean-Philippe and Vangioni, Elisabeth",
    title = "{Precision big bang nucleosynthesis with improved Helium-4 predictions}",
    eprint = "1801.08023",
    archivePrefix = "arXiv",
    primaryClass = "astro-ph.CO",
    doi = "10.1016/j.physrep.2018.04.005",
    journal = "Phys. Rept.",
    volume = "754",
    pages = "1--66",
    year = "2018"
}

@book{Dodelson:2003ft,
    author = "Dodelson, Scott",
    title = "{Modern Cosmology}",
    isbn = "978-0-12-219141-1",
    publisher = "Academic Press",
    address = "Amsterdam",
    year = "2003"
}

@book{Mukhanov:2005sc,
    author = "Mukhanov, V.",
    title = "{Physical Foundations of Cosmology}",
    doi = "10.1017/CBO9780511790553",
    isbn = "978-0-521-56398-7",
    publisher = "Cambridge University Press",
    address = "Oxford",
    year = "2005"
}


@article{Letessier:2005qe,
    author = "Letessier, Jean and Rafelski, Johann",
    title = "{Hadron production and phase changes in relativistic heavy ion collisions}",
    eprint = "nucl-th/0504028",
    archivePrefix = "arXiv",
    reportNumber = "CERN-PH-TH-2005-060",
    doi = "10.1140/epja/i2007-10546-7",
    journal = "Eur. Phys. J. A",
    volume = "35",
    pages = "221--242",
    year = "2008"
}

@article{Barenboim:2016shh,
    author = "Barenboim, Gabriela and Kinney, William H. and Park, Wan-Il",
    title = "{Resurrection of large lepton number asymmetries from neutrino flavor oscillations}",
    eprint = "1609.01584",
    archivePrefix = "arXiv",
    primaryClass = "hep-ph",
    reportNumber = "FTUV-16-08-05, IFIC-16-60",
    doi = "10.1103/PhysRevD.95.043506",
    journal = "Phys. Rev. D",
    volume = "95",
    number = "4",
    pages = "043506",
    year = "2017"
}

@article{Barenboim:2017dfq,
    author = "Barenboim, Gabriela and Park, Wan-Il",
    title = "{A full picture of large lepton number asymmetries of the Universe}",
    eprint = "1703.08258",
    archivePrefix = "arXiv",
    primaryClass = "hep-ph",
    reportNumber = "FTUV-17-03-17, IFIC-17-19",
    doi = "10.1088/1475-7516/2017/04/048",
    journal = "JCAP",
    volume = "04",
    pages = "048",
    year = "2017"
}

@book{melrose2007quantum,
  title={Quantum Plasmadynamics: Unmagnetized Plasmas},
  author={Melrose, D.},
  isbn={9780387739038},
  lccn={2007936733},
  series={Lecture Notes in Physics},
  url={https://books.google.com/books?id=s0\_lBwAAQBAJ},
  year={2007},
  publisher={Springer New York}
}

%The paper for screen potential in ee plasma
@article{Chris:2023abc,
    author = "Grayson, Christopher and Yang, Cheng Tao and Rafelski, Johann",
    title = "{Electron-Positron Plasma in the BBN epoch}",
    journal = "(in preparation)",
    year = "2023"
}

%The paper for screen potential in ee plasma
@article{Andrew:2023abc,
    author = "Steinmetz, Andrew and Yang, Cheng Tao and Rafelski, Johann",
    title = "{Antimatter origin of cosmic magnetism: A first look}",
    journal = "(in preparation)",
    year = "2023"
}

@article{Debye_1923,
  added-at = {2012-04-11T14:04:10.000+0200},
  author = {Debye, Peter and Hückel, Erich},
  biburl = {https://www.bibsonomy.org/bibtex/2a0dcc1272bc510726b9c0ecc930f5bd5/pkilian},
  interhash = {ed6329cfbfa05dd4c6d2c3350d316b1c},
  intrahash = {a0dcc1272bc510726b9c0ecc930f5bd5},
  journal = {Physikalische Zeitschrift},
  keywords = {debye length},
  number = 185,
  pages = 305,
  timestamp = {2012-04-11T14:14:28.000+0200},
  title = {Zur Theorie der Elektrolyte. I. Gefrierpunktserniedrigung und verwandte Erscheinungen},
  volume = 24,
  year = 1923
}


@article{osti_4827010,
title = {INVERSE THIRD POWER LAW FOR THE SHIELDING OF TEST PARTICLES.},
author = {Montgomery, D and Joyce, G and Sughara, R},
abstractNote = {},
doi = {10.1088/0032-1028/10/7/304},
url = {https://www.osti.gov/biblio/4827010}, 
journal = {Plasma Phys., 10: 681-6(July 1968).},
place = {United Kingdom},
year = {1968},
month = {1}
}

@ARTICLE{1973PhFl...16..450S,
       author = {{Stenflo}, L. and {Yu}, M.~Y. and {Shukla}, P.~K.},
        title = "{Shielding of a slow test charge in a collisional plasma}",
      journal = {Physics of Fluids},
         year = 1973,
        month = mar,
       volume = {16},
       number = {3},
        pages = {450-452},
          doi = {10.1063/1.1694361},
       adsurl = {https://ui.adsabs.harvard.edu/abs/1973PhFl...16..450S},
      adsnote = {Provided by the SAO/NASA Astrophysics Data System}
}


@article{PKShukla_2002,
doi = {10.1088/0741-3335/44/3/701},
url = {https://dx.doi.org/10.1088/0741-3335/44/3/701},
year = {2002},
month = {mar},
publisher = {},
volume = {44},
number = {3},
pages = {395},
author = {P K Shukla and  A A Mamun},
title = {Introduction to Dusty Plasma Physics},
journal = {Plasma Physics and Controlled Fusion},
}



@ARTICLE{1996PhPl....3.1770S,
       author = {{Shukla}, P.~K. and {Rao}, N.~N.},
        title = "{Coulomb crystallization in colloidal plasmas with streaming ions and dust grains}",
      journal = {Physics of Plasmas},
         year = 1996,
        month = may,
       volume = {3},
       number = {5},
        pages = {1770-1772},
          doi = {10.1063/1.871695},
       adsurl = {https://ui.adsabs.harvard.edu/abs/1996PhPl....3.1770S},
      adsnote = {Provided by the SAO/NASA Astrophysics Data System}
}

@article{Hwang:2021kno,
    author = "Hwang, Eunseok and Jang, Dukjae and Park, Kiwan and Kusakabe, Motohiko and Kajino, Toshitaka and Balantekin, A. Baha and Maruyama, Tomoyuki and Ryu, Chang-Mo and Cheoun, Myung-Ki",
    title = "{Dynamical screening effects on big bang nucleosynthesis}",
    eprint = "2102.09801",
    archivePrefix = "arXiv",
    primaryClass = "nucl-th",
    doi = "10.1088/1475-7516/2021/11/017",
    journal = "JCAP",
    volume = "11",
    pages = "017",
    year = "2021"
}

@article{Wang:2010px,
    author = "Wang, Biao and Bertulani, C. A. and Balantekin, A. B.",
    title = "{Electron screening and its effects on Big-Bang nucleosynthesis}",
    eprint = "1010.1565",
    archivePrefix = "arXiv",
    primaryClass = "astro-ph.CO",
    doi = "10.1103/PhysRevC.83.018801",
    journal = "Phys. Rev. C",
    volume = "83",
    pages = "018801",
    year = "2011"
}

@article{Fields:2011zzb,
    author = "Fields, Brian D.",
    title = "{The primordial lithium problem}",
    eprint = "1203.3551",
    archivePrefix = "arXiv",
    primaryClass = "astro-ph.CO",
    doi = "10.1146/annurev-nucl-102010-130445",
    journal = "Ann. Rev. Nucl. Part. Sci.",
    volume = "61",
    pages = "47--68",
    year = "2011"
}

@article{Salpeter:1954nc,
    author = "Salpeter, E. E.",
    title = "{Electron screening and thermonuclear reactions}",
    doi = "10.1071/PH540373",
    journal = "Austral. J. Phys.",
    volume = "7",
    pages = "373--388",
    year = "1954"
}

@ARTICLE{1969ApJ...155..183S,
       author = {{Salpeter}, E.~E. and {van Horn}, H.~M.},
        title = "{Nuclear Reaction Rates at High Densities}",
      journal = {\apj},
         year = 1969,
        month = jan,
       volume = {155},
        pages = {183},
          doi = {10.1086/149858},
       adsurl = {https://ui.adsabs.harvard.edu/abs/1969ApJ...155..183S},
      adsnote = {Provided by the SAO/NASA Astrophysics Data System}
}

@article{Famiano:2016hhs,
    author = "Famiano, Michael A. and Balantekin, A. Baha and Kajino, Toshitaka",
    title = "{Low-lying Resonances and Relativistic Screening in Big Bang Nucleosynthesis}",
    eprint = "1603.03137",
    archivePrefix = "arXiv",
    primaryClass = "astro-ph.CO",
    doi = "10.1103/PhysRevC.93.045804",
    journal = "Phys. Rev. C",
    volume = "93",
    number = "4",
    pages = "045804",
    year = "2016"
}

@ARTICLE{1988ApJ...331..565C,
       author = {{Carraro}, C. and {Schafer}, A. and {Koonin}, S.~E.},
        title = "{Dynamic Screening of Thermonuclear Reactions}",
      journal = {\apj},
     keywords = {Nuclear Astrophysics, Nuclear Fusion, Solar Interior, Solar Neutrinos, Particle Collisions, Radiation Detectors, Reaction Kinetics, Space Plasmas, Solar Physics, NEUTRINOS, NUCLEAR REACTIONS, SUN: INTERIOR},
         year = 1988,
        month = aug,
       volume = {331},
        pages = {565},
          doi = {10.1086/166582},
       adsurl = {https://ui.adsabs.harvard.edu/abs/1988ApJ...331..565C},
      adsnote = {Provided by the SAO/NASA Astrophysics Data System}
}

@article{Gruzinov:1997as,
    author = "Gruzinov, Andrei V.",
    title = "{Dynamic screening and thermonuclear reaction rates}",
    eprint = "astro-ph/9702064",
    archivePrefix = "arXiv",
    reportNumber = "IASSNS-AST-97-9",
    doi = "10.1086/305349",
    journal = "Astrophys. J.",
    volume = "496",
    pages = "503",
    year = "1998"
}


@article{aghanim2018planck,
    author = "Aghanim, N. and others",
    collaboration = "Planck",
    title = "{Planck 2018 results. VI. Cosmological parameters}",
    eprint = "1807.06209",
    archivePrefix = "arXiv",
    primaryClass = "astro-ph.CO",
    doi = "10.1051/0004-6361/201833910",
    journal = "Astron. Astrophys.",
    volume = "641",
    pages = "A6",
    year = "2020",
    note = "[Erratum: Astron.Astrophys. 652, C4 (2021)]"
}

@article{neronov2010evidence,
    title={Evidence for strong extragalactic magnetic fields from Fermi observations of TeV blazars},
    author={Neronov, A. and Vovk, I.},
    journal={Science},
    volume={328},
    number={5974},
    pages={73--75},
    year={2010},
    publisher={American Association for the Advancement of Science},
    doi={10.1126/science.1184192}
}

@article{taylor2011extragalactic,
    title={Extragalactic magnetic fields constraints from simultaneous GeV--TeV observations of blazars},
    author={Taylor, A. M. and Vovk, I. and Neronov, A.},
    journal={Astronomy \& Astrophysics},
    volume={529},
    pages={A144},
    year={2011},
    publisher={EDP Sciences},
    doi={10.1051/0004-6361/201116441}
}

@article{pshirkov2015new,
    author = "Pshirkov, M. S. and Tinyakov, P. G. and Urban, F. R.",
    title = "{New limits on extragalactic magnetic fields from rotation measures}",
    eprint = "1504.06546",
    archivePrefix = "arXiv",
    primaryClass = "astro-ph.CO",
    doi = "10.1103/PhysRevLett.116.191302",
    journal = "Phys. Rev. Lett.",
    volume = "116",
    number = "19",
    pages = "191302",
    year = "2016"
}

@article{jedamzik2019stringent,
    title={Stringent limit on primordial magnetic fields from the cosmic microwave background radiation},
    author={Jedamzik, K. and Saveliev, A.},
    journal={Physical review letters},
    volume={123},
    number={2},
    pages={021301},
    year={2019},
    publisher={APS},
    doi={10.1103/PhysRevLett.123.021301}
}

@article{vernstrom2021discovery,
    author = {Vernstrom, T. and Heald, G. and Vazza, F. and Galvin, T. J. and West, J. L. and Locatelli, N. and Fornengo, N. and Pinetti, E.},
    title = "{Discovery of magnetic fields along stacked cosmic filaments as revealed by radio and X-ray emission}",
    journal = {Monthly Notices of the Royal Astronomical Society},
    volume = {505},
    number = {3},
    pages = {4178-4196},
    year = {2021},
    month = {05},
    doi = {10.1093/mnras/stab1301}
}

@article{Widrow:2011hs,
    author = "Widrow, Lawrence M. and Ryu, Dongsu and Schleicher, Dominik R. G. and Subramanian, Kandaswamy and Tsagas, Christos G. and Treumann, Rudolf A.",
    title = "{The First Magnetic Fields}",
    eprint = "1109.4052",
    archivePrefix = "arXiv",
    primaryClass = "astro-ph.CO",
    doi = "10.1007/s11214-011-9833-5",
    journal = "Space Sci. Rev.",
    volume = "166",
    pages = "37--70",
    year = "2012"
}

@article{Vazza:2021vwy,
    author = "Vazza, Franco and others",
    title = "{Magnetogenesis and the Cosmic Web: A Joint Challenge for Radio Observations and Numerical Simulations}",
    eprint = "2111.09129",
    archivePrefix = "arXiv",
    primaryClass = "astro-ph.CO",
    doi = "10.3390/galaxies9040109",
    journal = "Galaxies",
    volume = "9",
    number = "4",
    pages = "109",
    year = "2021"
}

@article{Anderson:1974nyl,
    author = "Anderson, J. L. and Witting, H. R.",
    title = "{A relativistic relaxation-time model for the Boltzmann equation}",
    doi = "10.1016/0031-8914(74)90355-3",
    journal = "Physica",
    volume = "74",
    number = "3",
    pages = "466--488",
    year = "1974"
}



@article{Birrell:2014cja,
    author = "Birrell, Jeremiah and Rafelski, Johann",
    title = "{Quark\textendash{}gluon plasma as the possible source of cosmological dark radiation}",
    eprint = "1404.6005",
    archivePrefix = "arXiv",
    primaryClass = "nucl-th",
    doi = "10.1016/j.physletb.2014.12.033",
    journal = "Phys. Lett. B",
    volume = "741",
    pages = "77--81",
    year = "2015"
}

@article{SajjadAthar:2022pjt,
    author = "Sajjad Athar, M. and Fatima, A. and Singh, S. K.",
    title = "{Neutrinos and their interactions with matter}",
    eprint = "2206.13792",
    archivePrefix = "arXiv",
    primaryClass = "hep-ph",
    doi = "10.1016/j.ppnp.2022.104019",
    journal = "Prog. Part. Nucl. Phys.",
    volume = "129",
    pages = "104019",
    year = "2023"
}

@article{Yang:2020nne,
    author = "Yang, Cheng Tao and Rafelski, Johann",
    title = "{Possibility of bottom-catalyzed matter genesis near to primordial QGP hadronization}",
    eprint = "2004.06771",
    archivePrefix = "arXiv",
    primaryClass = "hep-ph",
    month = "4",
    year = "2020"
}

@article{Formanek:2017mbv,
    author = "Formanek, Martin and Evans, Stefan and Rafelski, Johann and Steinmetz, Andrew and Yang, Cheng-Tao",
    title = "{Strong fields and neutral particle magnetic moment dynamics}",
    eprint = "1712.07698",
    archivePrefix = "arXiv",
    primaryClass = "hep-ph",
    doi = "10.1088/1361-6587/aac06a",
    journal = "Plasma Phys. Control. Fusion",
    volume = "60",
    pages = "074006",
    year = "2018"
}

@article{Yang:2018qrr,
    author = "Yang, Cheng Tao and Birrell, Jeremiah and Rafelski, Johann",
    title = "{Temperature Dependence of the Neutron Lifespan}",
    eprint = "1805.06543",
    archivePrefix = "arXiv",
    primaryClass = "nucl-th",
    month = "5",
    year = "2018"
}

@article{Birrell:2013gpa,
    author = "Birrell, Jeremiah and Yang, Cheng-Tao and Chen, Pisin and Rafelski, Johann",
    title = "{Fugacity and Reheating of Primordial Neutrinos}",
    eprint = "1303.2583",
    archivePrefix = "arXiv",
    primaryClass = "astro-ph.CO",
    doi = "10.1142/S0217732313501885",
    journal = "Mod. Phys. Lett. A",
    volume = "28",
    pages = "1350188",
    year = "2013"
}

